2588 3265
1136 108 1465 164 NOTAE.

301 249 352 308 1)
385 252 464 296 Cic.
502 251 564 296 De
601 251 764 308 Republ.
793 251 849 304 11,
889 252 925 296 1.
957 256 998 296 ct
1026 250 1094 295 23.
1130 276 1179 283 -
1212 250 1267 307 2)
1297 252 1487 296 Plutarch.
1544 252 1704 296 Conviv.
1744 258 1897 307 septem
1927 255 2094 308 sapient.
2136 268 2222 308 cap.
2263 254 2340 298 vn.
2358 288 2368 297 .
2391 289 2401 297 .
2419 289 2431 298 .

161 308 186 354 ὁ
215 307 351 355 Σόλων
371 305 481 365 Ἐμοὶ
507 307 577 365 μὲν
603 303 662 367 ὃν,
686 307 781 366 ἣν),
809 309 917 353 δοκεῖ
942 303 1089 365 μάλισθ
1120 308 1277 360 ἔνδοξος
1303 306 1482 365 'rw
1507 305 1574 352 mi
1601 310 1779 365 βασιλευς
1805 306 1870 353 καὶ
1896 309 2086 366 τύραννος,
2117 309 2153 354 εἰ
2177 309 2433 367 δηιιοκρπίαν

161 367 207 409 ἐκ
234 366 442 423 μοναρχίας
469 364 771 409 κατασκωάωιε
797 371 878 415 τοῖς
905 365 1087 415 πολίταις.
1122 391 1173 398 -
1204 366 1259 424 3)
1287 368 1346 410 Ne
1376 367 1601 416 doctissima
1631 368 1788 421 quidem
1820 369 1948 410 Caroli
1989 370 2177 411 Fridcrici
2215 371 2431 412 Hermanni

159 425 380 479 Disputatio
410 425 470 466 De
498 424 743 480 Hippodamo
772 425 927 467 Milesio
958 422 1198 480 (marburgi,
1231 423 1368 481 1841)
1397 426 1571 468 rationes
1601 426 1716 466 huius
1747 427 1986 479 quaestionis
2016 426 2287 468 diiudicandae
2315 429 2432 482 plane

161 481 386 525 confecisse
425 482 516 523 mihi
546 483 703 536 quidem
743 483 908 525 videtur.
967 483 1127 536 Singula
1166 482 1226 524 rei
1254 487 1448 526 momenta
1476 483 1675 537 pensitare
1706 495 1784 525 non
1814 488 1874 524 est
1905 483 2016 525 huius
2046 485 2146 533 loci3
2175 484 2226 526 de
2257 483 2431 527 diversi·

160 543 253 590 tate,
284 551 387 592 quae
416 539 518 580 inter
545 539 770 581 Aristotelis
801 540 927 581 locum
959 537 1096 591 (Polit.
1120 538 1162 589 ll,
1186 537 1237 592 5)
1270 545 1309 580 et
1339 540 1437 581 haec
1465 540 1681 594 fragmenta
1712 539 2027 592 deprehenditur,
2058 541 2153 582 haec
2174 541 2262 582 bina
2284 545 2431 582 tantum

160 596 200 635 in
231 596 457 635 universum
488 596 807 649 significaverim:
837 597 1018 649 primum,
1047 595 1297 636 Aristotelem
1328 609 1406 638 non
1436 597 1589 649 plenam
1620 602 1659 636 et
1689 601 1915 636 accuratam
1946 597 2233 648 Hippodameae
2264 598 2433 639 civitatis

162 650 467 706 descriptionem
497 664 723 706 proponere
752 652 925 695 voluisse
954 653 1027 694 sed
1056 654 1210 706 potiora
1240 657 1386 694 tantum
1418 654 1561 707 capita,
1593 666 1694 706 quae
1724 653 1798 695 sibi
1841 659 2060 694 memoratu
2090 653 2315 707 dignissima
2344 655 2430 697 visa

161 714 312 761 essent,
341 708 432 751 inde
463 709 648 764 decerpta
680 706 754 764 (τὰ
781 707 848 764 μὲν
876 710 1037 751 πλεῖστα
1065 706 1129 750 καὶ
1158 706 1208 750 τὰ
1237 706 1401 764 μάλιστα
1432 707 1614 764 ἀξιόλογα
1641 704 1744 752 τᾶυτ’
1778 707 1876 751 ἐστίν
1907 710 1928 751 Ι.
1952 709 1976 750 Ι.
2009 721 2045 763 p.
2068 710 2136 751 49.
2168 710 2232 751 lin.
2257 709 2323 754 18.
2355 711 2427 755 Ed.

161 765 422 820 Goettling.);
463 767 606 807 deinde
646 768 876 808 divisionem
917 769 1057 808 civium
1097 769 1323 820 tripartitam
1364 769 1463 819 apud
1503 769 1754 809 Aristotelem
1796 780 1875 808 non
1913 772 2121 819 tantopere
2152 767 2377 820 discrepare
2406 781 2430 809 a

159 821 469 877 fragmentorum
492 824 657 875 ratione,
682 829 830 877 quanto
850 825 973 877 prima
991 823 1122 865 fronte
1144 823 1332 865 videatur.
1377 825 1473 865 Nam
1494 830 1575 866 tres
1597 824 1818 865 Aristotelis
1839 824 1998 865 ordines
2017 821 2222 877 (τεχνῖται,
2252 822 2431 877 γεωργὸι,

159 876 204 918 τὸ
233 877 520 934 προπολεμεῖν),
549 880 618 933 qui
645 881 798 923 nonnisi
828 881 940 921 binos
971 881 1083 920 trium
1114 880 1293 921 ordinum
1324 881 1361 921 in
1392 880 1621 934 fragmentis
1651 881 1959 934 complectuntur
2000 877 2070 934 (τὸ
2100 877 2288 933 βάναυσον
2317 886 2357 922 et
2386 878 2432 922 τὸ

160 933 399 989 ἐπίκουρον),
429 950 482 976 ex
511 938 633 989 ipsius
665 937 887 978 Aristotelis
918 942 1049 977 mente
1080 938 1233 977 nonnisi
1261 938 1415 990 plebem
1446 936 1635 992 (πληθος,
1660 935 1803 990 δῆμον)
1837 940 2078 977 constituere
2108 937 2289 978 videntur
2316 943 2432 978 extra

160 993 380 1046 optimates,
412 1006 435 1034 e
455 995 596 1046 quibus
619 995 865 1049 magistratus
886 994 1011 1048 plebis
1041 994 1236 1046 suffragiis
1267 1000 1507 1045 crearentur,
1539 996 1685 1048 quique
1717 995 1872 1035 tertium
1904 994 2132 1047 Hippodami
2162 995 2337 1036 ordinem
2361 992 2431 1048 (τὸ

161 1047 429 1103 βουλευτικὸν)
460 1050 674 1092 efficerent.
737 1049 996 1104 (Aristoteles
1027 1051 1051 1092 l.
1084 1051 1108 1092 1.
1140 1047 1212 1092 uio
1241 1048 1465 1120 δ’ἄρζοντας
1494 1047 1646 1104 αἱρετὸς
1676 1049 1750 1092 ὑπὸ
1780 1052 1828 1091 ‘cti
1859 1049 1980 1103 δήμου
2005 1045 2104 1090 εἷναί
2123 1047 2275 1097 πάντας.
2307 1051 2427 1104 δῆμον

161 1103 318 1147 δ’ἐπόιει
345 1102 394 1147 τὰ
422 1104 508 1161 τρία
536 1104 633 1162 μέρη
662 1110 731 1162 τῆς
759 1105 935 1159 πόλεως,
966 1103 1033 1155 τὰς
1062 1104 1318 1162 δἀἱρεθεντας
1358 1108 1617 1162 επιμελεῖσθαι
1645 1112 1780 1149 κοινῶν
1809 1103 1873 1148 καὶ
1906 1109 2059 1154 ξενικῶν
2088 1102 2153 1147 καὶ
2172 1103 2429 1162 ὀρφανικῶν).

162 1163 391 1203 Differentia
422 1165 555 1216 utique
587 1165 741 1204 residua
773 1169 847 1215 est,
877 1166 948 1206 sed
980 1176 1057 1206 non
1089 1167 1223 1215 maior,
1256 1177 1368 1219 quam
1401 1177 1501 1218 quae
1522 1177 1573 1205 ex
1593 1166 1813 1206 Aristotelis
1835 1165 1963 1206 studio
1986 1164 2186 1205 brevitatis
2208 1165 2269 1204 vel
2291 1175 2428 1205 errore

160 1220 305 1270 aliquo,
336 1233 454 1271 quem
489 1222 662 1272 „incuria
693 1222 788 1262 fudit
818 1223 896 1262 Aut
926 1223 1092 1262 humana
1122 1235 1255 1274 parum
1286 1224 1388 1261 cavit
1418 1225 1599 1269 natura“,
1629 1223 1817 1274 explicari
1846 1225 1981 1274 possit.
2010 1220 2134 1274 —4)
2166 1222 2428 1274 Hippodamus

158 1275 259 1329 apud
291 1276 501 1318 Stobaeum
532 1277 708 1319 Ser-mon.
742 1278 835 1319 XLl.
869 1279 912 1319 T.
944 1279 985 1320 ll.
1018 1291 1054 1332 p.
1090 1278 1182 1320 112.
1238 1278 1307 1320 Ed.
1350 1277 1542 1321 Gaisford.
1582 1279 1684 1331 Lips.
1717 1302 1772 1308 —
1814 1277 1866 1332 5)
1908 1277 2105 1331 Archytae
2148 1276 2286 1331 fragm.
2327 1276 2430 1330 apud

155 1331 313 1375 Stobae.
353 1333 530 1376 Sermon.
563 1335 634 1376 Tit.
666 1334 779 1386 XLII,
812 1333 907 1377 132.
938 1335 981 1377 Τ.
1012 1335 1055 1377 11.
1086 1347 1123 1389 p.
1156 1335 1249 1377 146.
1285 1333 1378 1377 147.
1410 1335 1603 1378 Gaisford.
1626 1335 1729 1389 Lips.
1771 1335 2019 1377 Hartenstein
2040 1333 2100 1375 De
2121 1334 2297 1389 Archyta
2317 1346 2353 1388 p.
2374 1334 2430 1375 64

155 1389 256 1429 haec
285 1389 504 1443 fragmenta
534 1392 582 1431 ad
614 1391 825 1432 doctrinam
855 1393 1051 1445 politicam
1079 1393 1312 1446 pertinentia
1342 1405 1417 1447 pro
1454 1394 1634 1448 genuinis
1665 1393 1794 1434 habet.
1826 1415 1882 1422 -
1913 1392 1967 1445 6)
1997 1392 2088 1433 Plat.
2129 1392 2188 1431 De
2218 1392 2338 1446 legib.
2368 1391 2429 1443 111,

158 1444 228 1497 11,
257 1459 294 1500 p.
329 1446 424 1489 110.
453 1447 522 1489 Ed.
553 1447 636 1490 Ast.
672 1473 722 1480 —
756 1446 807 1503 7)
839 1449 946 1491 Plato
976 1450 1037 1491 De
1065 1450 1170 1505 legg.
1200 1450 1259 1500 m,
1292 1449 1357 1493 12.
1389 1465 1426 1505 p.
1462 1450 1556 1491 112.
1593 1473 1643 1480 —-
1675 1448 1728 1504 8)
1757 1449 1816 1491 Ad
1847 1463 1936 1505 pag.
1958 1448 1984 1490 7
2015 1449 2065 1490 de
2094 1447 2331 1490 Aristotelea
2360 1447 2427 1489 di-

155 1503 308 1545 visione
337 1516 528 1557 generum
558 1506 615 1546 rei
645 1505 823 1559 publicae
854 1507 890 1548 h.
913 1506 938 1548 l.
969 1506 1184 1561 significata
1214 1507 1271 1548 Cf.
1301 1508 1388 1549 Eth.
1407 1508 1555 1549 Nicom.
1578 1507 1669 1558 Vlll,
1698 1508 1763 1548 10.
1803 1507 1967 1548 Eudem.
1991 1507 2069 1556 vn,
2101 1506 2138 1546 9.
2160 1507 2270 1548 Polit.
2300 1506 2361 1557 111,
2386 1505 2425 1546 6.

155 1558 207 1614 9)
237 1560 438 1603 Aristotel.
469 1562 579 1603 Polit.
610 1563 655 1614 11,
685 1562 726 1605 3.
756 1584 807 1592 -
843 1561 921 1617 10)
951 1563 1152 1606 Aristotel.
1181 1563 1290 1605 Polit.
1322 1564 1397 1613 1111,
1428 1564 1467 1604 9.
1485 1584 1535 1590 —
1557 1561 1635 1617 11)
1667 1564 1871 1605 Aristotel.
1902 1563 2013 1604 Polit.
2035 1562 2095 1612 111,
2130 1562 2185 1603 10
2214 1567 2254 1603 et
2286 1561 2352 1604 11.
2372 1583 2428 1589 —

157 1615 212 1662 12
270 1616 469 1661 Aristotel.
498 1619 608 1661 Polit.
639 1620 684 1671 V,
714 1619 741 1661 9
769 1621 939 1662 ineunte.
972 1642 1028 1651 —
1059 1618 1141 1675 13)
1171 1620 1371 1662 Aristotel.
1402 1620 1513 1661 Polit.
1538 1619 1612 1671 llll,
1643 1620 1681 1660 6.
1713 1643 1767 1650 —
1802 1617 1880 1673 14)
1911 1618 2114 1660 Aristotel.
2145 1618 2255 1659 Polit.
2284 1617 2360 1669 1111,
2385 1619 2424 1657 7.

156 1674 212 1719 15
271 1675 471 1718 Aristotel.
502 1677 612 1719 Polit.
643 1677 720 1729 1111,
754 1677 819 1718 10.
849 1699 907 1708 —-
937 1675 1018 1731 16)
1047 1677 1250 1721 Aristotel.
1281 1677 1391 1719 Polit.
1421 1676 1496 1728 llll,
1527 1675 1594 1718 10.
1629 1700 1677 1705 -
1711 1675 1788 1730 17)
1820 1676 2021 1718 Aristotel.
2061 1675 2170 1716 Polit.
2202 1675 2259 1725 V,
2297 1675 2338 1715 6.
2374 1695 2424 1704 --

156 1731 238 1788 18)
269 1732 329 1775 Ex
357 1734 584 1776 coniectura
612 1733 713 1776 Frid.
745 1734 891 1776 Osanni
921 1735 1163 1789 argumentis
1193 1734 1460 1788 probabilibus
1491 1733 1715 1775 confirmata
1736 1731 1944 1787 (Beitriige
1966 1744 2037 1773 zur
2053 1730 2327 1786 griechischen
2348 1729 2429 1772 und

155 1790 377 1832 riimischen
407 1791 830 1844 Literaturgeschichte
859 1792 900 1832 B.
931 1791 973 1833 11.
1005 1805 1042 1845 p.
1066 1791 1219 1845 8sqq.)
1261 1791 1534 1842 Dicaearchus,
1564 1790 1788 1831 Aristotelis
1819 1789 1996 1841 auditor,
2026 1789 2065 1829 in
2094 1787 2195 1829 libro
2226 1786 2429 1840 deperdito

156 1848 224 1901 qui
254 1849 464 1918 inscriptus
496 1854 579 1890 erat
611 1849 872 1903 Τριπολιτικος
900 1862 1029 1903 genus
1059 1850 1118 1889 rei
1155 1848 1334 1902 publicae
1366 1861 1389 1889 e
1419 1849 1543 1889 tribus
1582 1848 1798 1902 generibus
1836 1847 2072 1901 permixtum
2113 1844 2430 1893 commendabat;

157 1904 327 1959 indeque
358 1906 464 1952 ειδος
491 1904 684 1954 πολιτὲιας
713 1904 970 1960 δικαιαρχικὸν
1001 1920 1022 1947 a
1053 1907 1189 1948 Photio
1220 1907 1312 1947 Cod.
1345 1906 1410 1947 37.
1452 1910 1800 1947 commemoratum
1844 1907 1919 1945 hoc
1949 1906 2072 1957 ipsum
2112 1915 2240 1956 genus
2270 1903 2430 1942 mixtum

156 1963 452 2014 intelligendum
483 1965 705 2016 suspicatur
736 1964 930 2005 Osamnus.
990 1963 1066 2005 Sed
1099 1964 1195 2004 haec
1227 1965 1354 2005 omnia
1386 1964 1534 2004 etiamsi
1565 1961 1679 2003 docte
1720 1962 1942 2013 excogitata
1983 1964 2148 2012 propter
2178 1959 2426 1999 obscuratam

156 2030 289 2060 rerum
322 2021 547 2060 memoriam
578 2021 690 2074 plane
721 2022 867 2060 incerta
898 2025 998 2060 sunt.
1017 2043 1071 2048 --
1091 2018 1169 2072 19)
1193 2021 1325 2074 Polyb.
1361 2020 1419 2067 Vl,
1450 2019 1571 2072 3sqq.
1590 2015 1741 2070 -20)
1760 2017 1891 2070 Polyb.
1926 2016 1987 2067 Vl,
2021 2015 2084 2055 11.
2108 2011 2261 2067 —21)
2288 2014 2425 2067 Polyb.

158 2076 220 2124 v1‚
253 2074 320 2116 10.
351 2098 406 2105 -
436 2075 515 2128 22)
547 2078 680 2129 Polyb.
714 2078 772 2125 v1,
806 2077 984 2117 11—18.
1021 2099 1069 2104 —
1103 2075 1183 2129 23)
1220 2078 1353 2129 Polyb.
1389 2078 1459 2125 vl,
1493 2077 1556 2115 15.
1594 2098 1640 2103 —
1674 2075 1755 2128 24)
1789 2075 1867 2114 cic.
1901 2074 1957 2112 De
1989 2084 2033 2111 re
2063 2071 2164 2123 publ.
2197 2071 2232 2121 1,
2272 2071 2340 2111 21.
2373 2093 2426 2099 -

157 2129 239 2186 25)
270 2131 346 2173 Cic.
380 2132 440 2173 De
471 2145 515 2174 re
546 2134 650 2185 publ.
682 2133 718 2182 1,
760 2133 827 2173 29.
863 2158 911 2163 —
945 2131 1024 2185 26)
1055 2132 1147 2173 lbid.
1181 2132 1215 2182 l,
1257 2132 1310 2173 35
1342 2137 1380 2172 et
1409 2131 1477 2172 45.
1511 2156 1563 2161 —
1597 2129 1676 2184 27)
1709 2130 1800 2171 lbid.
1832 2129 1884 2179 ll,
1924 2128 1993 2170 23.
2024 2127 2111 2169 coll.
2145 2140 2229 2179 cap.
2272 2126 2339 2168 28.
2373 2150 2427 2157 —

157 2188 240 2242 28)
271 2189 345 2229 Mai
376 2190 617 2243 Scriptorum
660 2195 837 2230 veterum
867 2190 976 2230 Nova
1008 2190 1199 2230 collectio.
1255 2190 1363 2229 Tom.
1395 2189 1447 2238 ll,
1478 2201 1514 2241 p.
1547 2188 1625 2228 571
1641 2199 1726 2240 sqq.
1760 2210 1814 2215 —
1845 2185 1927 2240 29)
1961 2184 2117 2225 Aristid.
2149 2184 2247 2223 XlV.
2279 2184 2427 2224 Romae

157 2244 317 2285 Encom.
350 2258 386 2297 p.
419 2245 515 2286 360.
548 2246 617 2287 Ed.
650 2246 823 2286 Dindorf.
857 2268 911 2274 —-
940 2244 1021 2299 30)
1053 2246 1170 2286 Tacit.
1205 2245 1340 2285 Annei.
1373 2244 1432 2294 lV,
1463 2244 1530 2284 33.
1591 2244 1698 2283 Hanc
1730 2244 1853 2282 Taciti
1883 2242 2116 2282 sententiam
2159 2240 2321 2280 uberius
2351 2253 2428 2279 ex—

156 2301 266 2353 ponit
295 2306 334 2340 et
366 2307 495 2342 tuetur
526 2303 695 2343 Bodinus
729 2304 785 2342 De
816 2316 859 2342 re
890 2303 1039 2355 publica
1072 2302 1152 2341 Lib.
1182 2303 1226 2351 ll,
1260 2302 1295 2349 1,
1328 2314 1416 2354 pag.
1446 2299 1627 2353 287sqq.
1674 2299 1741 2339 Ed.
1765 2299 1939 2339 Ursellis.
1974 2296 2095 2337 1601.
2129 2297 2239 2336 cuius
2270 2296 2427 2348 quidem

157 2363 387 2409 argumenta
418 2361 559 2411 repetit
588 2360 784 2401 Piccartus
814 2360 852 2400 in
884 2359 1139 2400 Commentar.
1171 2359 1217 2398 ad
1250 2357 1433 2399 Aristotel
1463 2357 1570 2399 Polit.
1603 2355 1765 2409 (Jenae,
1796 2353 1932 2408 1669)
1963 2355 2024 2402 lV,
2056 2353 2094 2393 9.
2129 2364 2166 2406 p.
2189 2352 2427 2393 568—579.

160 2434 209 2439 -
243 2412 325 2466 31)
357 2414 449 2463 Zell,
480 2416 807 2456 Ferienschriften
839 2416 907 2456 Bd.
938 2417 995 2456 lll.
1026 2417 1064 2456 S.
1096 2414 1150 2455 67
1164 2415 1202 2455 ff.
1263 2416 1416 2455 ‘Tacitus
1455 2414 1514 2454 als
1544 2414 1783 2454 Staatsmann
1814 2414 1852 2452 in
1884 2413 2031 2451 seinem
2064 2409 2316 2462 praktischen
2348 2409 2428 2449 Le-

157 2469 247 2508 ben.
284 2492 333 2498 —
369 2469 449 2524 32)
482 2472 590 2511 Haud
622 2473 788 2512 alienum
820 2474 895 2511 erit
925 2472 974 2511 de
1005 2473 1092 2512 vitis
1122 2471 1416 2520 Professorum,
1448 2482 1610 2521 quorum
1642 2475 1786 2509 mortes
1818 2469 1893 2507 hoc
1935 2468 2024 2506 loco
2056 2470 2426 2515 commemorantur,

160 2524 336 2577 indicari,
366 2539 468 2579 quae
499 2528 598 2569 infra
629 2528 842 2570 adduntur:
873 2528 1179 2569 Franciscus
1211 2527 1428 2569 Carolus
1458 2525 1714 2579 Naegele,
1746 2525 1810 2565 Dr.
1843 2522 2062 2577 philosoph.
2087 2527 2126 2563 et
2148 2522 2286 2563 medic.
2315 2526 2426 2562 natus

160 2585 222 2622 cst
262 2582 517 2626 Dusseldorfii
558 2585 620 2626 die
656 2586 718 2626 12.
747 2586 829 2627 Iulii
863 2584 994 2635 1778,
1035 2585 1241 2627 Professor
1278 2583 1473 2625 extraord.
1516 2584 1553 2624 in
1585 2584 1686 2624 univ.
1729 2581 2055 2635 Heidelbergensi
2086 2580 2214 2621 factus
2244 2578 2311 2621 30.
2344 2579 2425 2619 lun.

161 2638 285 2689 1807,
318 2641 539 2683 ordinarius
570 2643 636 2683 25.
664 2644 731 2684 lul.
768 2642 888 2684 1810.
950 2643 1054 2683 Obiit
1082 2643 1149 2683 21.
1175 2643 1321 2682 Ianuar.
1359 2641 1478 2681 1851.
1497 2663 1552 2669 —
1578 2641 1668 2681 Eius
1689 2640 1789 2679 filius
1820 2639 2140 2679 Franciscus
2171 2637 2425 2690 losephus

158 2693 411 2751 Nae-gele,
443 2705 558 2741 natus
587 2700 874 2753 Heidelbergac
906 2698 1039 2751 1810,
1079 2700 1145 2741 22.
1178 2700 1326 2741 ianuar.
1367 2700 1468 2740 inter
1498 2698 1673 2752 privatim
1704 2697 1894 2738 docentes
1926 2700 2111 2749 receptus
2143 2694 2179 2735 d.
2211 2693 2279 2736 23.
2311 2693 2421 2735 Febr.

162 2752 295 2803 1835;
327 2754 427 2796 Prof.
461 2759 657 2799 extraord.
690 2758 753 2798 die
782 2757 821 2798 8.
853 2757 1066 2799 Novembr.
1101 2756 1225 2800 1838.
1286 2757 1387 2798 Obiit
1419 2758 1456 2797 5.
1487 2754 1719 2806 Ju1.‚1851.
1742 2776 1789 2781 —
1809 2754 1955 2794 Henna
1988 2752 2271 2794 Eberhard.
2302 2752 2423 2792 Pau-

158 2809 239 2852 lus
270 2815 381 2852 natus
410 2812 649 2870 Leonbergii
679 2815 716 2855 in
748 2815 893 2856 ditione
923 2814 1251 2869 Wirtembergica
1282 2814 1344 2854 die
1387 2812 1422 2854 1.
1453 2812 1498 2855 S
1546 2860 1565 2868 .
1605 2814 1679 2867 ζ»,
1701 2808 1825 2854 1761.
1886 2810 1950 2850 Dr.
1991 2809 2210 2864 philosoph.
2251 2809 2346 2849 iuris
2384 2810 2423 2846 et

160 2867 405 2921 theologiae,
445 2872 652 2913 Professor
699 2872 824 2913 ordin.
866 2872 1089 2925 theologiae
1119 2877 1158 2912 et
1193 2872 1432 2924 philosophia
1445 2890 1468 2911 ι.
1497 2869 1500 2871 ’
1681 2868 1684 2873 ’
1763 2874 1816 2909 ·te
1847 2868 2175 2921 Heidelbergensi
2205 2866 2327 2906 factus
2357 2865 2420 2904 die

164 2921 229 2965 13.
260 2924 466 2968 Decembr.
499 2926 622 2971 1810.
683 2928 787 2971 Obiit
817 2928 880 2970 die
913 2928 977 2970 10.
1009 2928 1173 2983 August.
1208 2927 1328 2969 1851.
1751 2930 1767 2938 ’
