2588 3265
351 924 553 1004 Quando
588 946 686 1009 quis
721 951 920 993 nostrum
957 943 1029 990 die
1063 943 1196 1001 festo,
1231 956 1363 1006 quem
1397 941 1529 989 hodie
1563 927 1853 1002 celebramus,
1888 958 1979 989 non
2013 944 2073 990 ita
2107 943 2277 1007 pridem
2312 945 2452 995 verba

178 1041 274 1083 erat
300 1032 513 1093 facturus,
548 1047 679 1080 unam
706 1031 978 1094 potissimum
1007 1044 1160 1076 curam
1189 1027 1376 1075 habebat
1403 1030 1614 1075 materiae
1643 1030 1964 1089 convenientis,
1995 1028 2052 1076 de
2083 1046 2168 1094 qua
2198 1030 2452 1094 disputaret,

177 1120 486 1169 inveniendae.
540 1117 668 1166 Nunc
696 1123 857 1176 autem,
892 1131 954 1163 ex
983 1130 1071 1178 quo
1101 1116 1302 1177 antiquus
1331 1114 1509 1175 linguae
1537 1114 1697 1161 latinae
1728 1130 1834 1163 usus
1863 1117 1907 1162 in
1938 1115 2152 1164 eiusmodi
2181 1118 2452 1168 solemnibus

179 1206 440 1254 academicis
476 1204 622 1254 deseri
657 1209 838 1269 coeptus
874 1208 969 1260 est,
1013 1200 1177 1263 duplex
1212 1199 1467 1247 deliberatio
1504 1214 1564 1246 ex
1598 1199 1681 1247 hac
1717 1200 1925 1248 cathedra
1961 1201 2139 1250 dicturis
2174 1206 2451 1268 suscipienda

178 1298 261 1350 est,
295 1291 434 1337 altera
468 1290 525 1336 de
559 1295 660 1352 apta
687 1288 872 1334 materia
901 1286 1168 1349 quaerenda,
1203 1286 1340 1332 altera
1369 1285 1425 1331 de
1454 1298 1662 1333 sermone
1691 1301 1778 1349 quo
1808 1292 1984 1335 utantur
2013 1287 2261 1351 deligendo.
2316 1288 2452 1339 Suam

177 1378 362 1438 quisque
397 1375 454 1422 de
487 1375 571 1421 hac
604 1386 656 1421 re
684 1376 784 1421 sive
815 1374 1068 1434 opinionem
1095 1373 1195 1419 sive
1223 1372 1486 1420 sententiam
1512 1377 1711 1431 tueatur3
1748 1385 1835 1435 ego
1866 1373 2040 1436 quidem
2072 1374 2126 1421 ab
2156 1388 2309 1424 eorum
2338 1391 2451 1440 par—

174 1459 289 1509 tibus
322 1467 421 1520 stc,
465 1457 620 1523 quibus
653 1457 762 1505 haec
796 1472 918 1506 nova
952 1459 1115 1520 antiqui
1148 1457 1285 1505 moris
1317 1459 1558 1504 immutatio
1591 1472 1682 1505 non
1716 1460 1825 1506 satis
1857 1458 2014 1522 placet.
2088 1459 2179 1508 Cur
2213 1464 2330 1510 enim
2364 1461 2452 1512 hoc

176 1560 410 1594 commime
443 1547 683 1594 universae
716 1544 785 1590 rei
818 1542 1018 1607 publicae
1052 1542 1271 1589 literariae
1304 1541 1528 1590 vinculum
1557 1555 1637 1604 per
1664 1549 1802 1591 totum
1830 1550 2048 1592 terrarum
2079 1545 2234 1594 orbem
2264 1546 2446 1595 diffusae

175 1631 454 1681 revellatur?
528 1627 620 1678 Cur
647 1631 852 1692 antiquae
883 1628 1108 1676 doctrinae
1138 1627 1278 1675 adhuc
1306 1632 1487 1677 servata
1515 1643 1616 1675 cum
1644 1629 1879 1677 recentiori
1908 1629 2150 1679 eruditione
2178 1632 2447 1696 perpetuitas

178 1715 501 1768 dissolvatur?
552 1711 642 1764 Cur
678 1714 865 1779 denique
899 1717 1008 1764 viva
1042 1714 1117 1763 illa
1151 1716 1325 1763 romani
1353 1717 1444 1764 oris
1475 1728 1575 1764 vox
1602 1721 1667 1763 tot
1694 1716 1873 1765 saecula
1901 1731 2147 1780 personans
2173 1732 2290 1767 nunc
2318 1719 2450 1783 plane

178 1802 465 1862 obmutescat,
500 1804 759 1866 praesertim
795 1817 928 1864 quum
962 1815 1046 1848 nec
1080 1800 1302 1864 popularis
1338 1799 1522 1848 eruditio
1556 1815 1642 1848 nec
1675 1804 1802 1864 patrii
1837 1806 2055 1850 sermonis
2090 1804 2235 1851 honor
2269 1820 2296 1851 e
2332 1821 2449 1854 con-

177 1891 342 1936 tinuato
377 1888 556 1949 linguae
591 1888 749 1935 latinae
785 1889 898 1934 inter
931 1888 1056 1935 viros
1093 1885 1248 1934 doctos
1282 1902 1366 1933 usu
1399 1884 1631 1949 quidquam
1666 1886 1913 1934 detrimenti
1940 1903 2152 1950 passurus
2181 1891 2275 1936 sit?
2330 1890 2446 1938 Nam

179 1981 223 2021 et
255 1974 468 2036 plurimae
497 1973 610 2019 aliae
638 1975 742 2020 viae
771 1980 871 2020 sunt
898 1973 1046 2034 populi
1074 1971 1316 2030 erudiendi,
1352 1977 1411 2030 et,
1445 1978 1493 2018 ut
1520 1971 1709 2018 medium
1738 1973 1853 2035 quod
1885 1972 2040 2019 dicitur
2068 1988 2231 2021 aevum
2259 1982 2446 2034 taceam,

179 2073 266 2120 quo
295 2059 443 2120 poesis
472 2063 594 2104 certe
623 2056 796 2118 quidem
825 2056 1067 2103 vernacula
1095 2056 1332 2102 laetissime
1360 2054 1549 2103 effloruit
1578 2070 1782 2104 sermone
1811 2057 1944 2103 latino
1973 2061 2020 2104 in
2047 2058 2211 2106 scholis
2240 2060 2445 2107 literariis

179 2149 422 2205 regnante,
456 2143 589 2189 etiam
623 2141 802 2189 saeculo
838 2142 1040 2203 proxime
1074 2139 1372 2202 praeterlapso
1408 2139 1566 2188 latinus
1601 2155 1748 2189 sermo
1784 2143 1828 2188 in
1864 2141 2100 2190 academiis
2135 2142 2440 2206 frequentatus

178 2243 269 2275 non
302 2226 542 2290 impedivit,
578 2241 664 2289 quo
700 2228 842 2273 minus
877 2224 1144 2273 vernaculae
1178 2224 1332 2270 literae
1365 2223 1617 2271 felicissimo
1648 2241 1858 2275 successu
1887 2227 2138 2275 colerentur
2168 2235 2212 2275 et
2241 2243 2448 2277 exorna-

178 2320 343 2359 rentur.
396 2311 553 2373 Neque
583 2312 808 2379 difficultas
839 2313 1014 2373 antiquo
1043 2324 1250 2357 sermone
1279 2324 1397 2355 nova
1431 2311 1611 2357 inventa
1639 2312 1853 2359 tractandi
1882 2320 1969 2359 tam
1998 2326 2159 2376 magna
2196 2319 2281 2375 est,
2317 2314 2446 2363 dum-

180 2397 313 2446 modo
341 2398 520 2461 puerilis
550 2396 606 2445 ad
634 2398 828 2459 linguam
857 2397 1034 2444 latinam
1063 2394 1369 2444 addiscendum
1397 2398 1605 2444 institutio
1635 2413 1725 2444 non
1759 2401 1903 2444 ieiuna
1938 2399 2186 2460 regularum
2216 2415 2447 2462 gramma-

180 2486 362 2532 ticarum
390 2483 638 2544 subtilitate,
666 2492 714 2531 ut
742 2500 858 2532 nunc
888 2485 1145 2547 plerumque
1174 2483 1234 2543 fit,
1271 2482 1351 2530 sed
1378 2485 1593 2530 maiorum
1621 2490 1871 2530 nostrorum
1902 2498 2029 2531 more
2061 2488 2335 2549 potissimum
2363 2502 2446 2535 usu

180 2575 226 2615 et
259 2570 577 2617 exercitatione
614 2572 788 2629 nitatur,
823 2584 967 2632 neque
1002 2584 1085 2617 nos
1121 2571 1193 2632 qui
1227 2569 1358 2615 latine
1391 2567 1609 2630 loquimur
1642 2568 1717 2615 vel
1750 2567 1982 2618 scribimus
2018 2572 2152 2617 anxia
2183 2569 2444 2619 Ciceronia-

179 2666 266 2699 nae
309 2653 528 2703 latinitatis
573 2657 811 2701 imitatione
857 2654 1155 2718 impediamur.
1222 2652 1483 2715 Neutiquum
1526 2654 1643 2699 enim
1676 2652 1871 2715 linguam
1905 2653 2085 2701 latinam
2120 2653 2282 2716 linguis
2316 2655 2444 2718 plane

180 2739 363 2787 mortuis
408 2745 455 2788 et
500 2739 557 2786 ad
601 2741 946 2787 internecionem
993 2738 1147 2787 deletis
1193 2737 1470 2786 adnumerari
1515 2737 1584 2786 fas
1629 2743 1722 2796 est,
1768 2739 1928 2801 quippe
1963 2753 2105 2800 quae,
2153 2741 2322 2788 etiamsi
2353 2754 2442 2802 po-

180 2823 308 2887 pulun
339 2823 474 2873 hune
505 2824 694 2889 loquens
726 2839 818 2874 uon
852 2824 1035 2890 amplius
1068 2825 1341 2885 inveniatur,
1375 2829 1522 2871 tamen
1555 2821 1656 2871 inde
1692 2838 1718 2870 a
1753 2829 1956 2871 veterum
1991 2822 2293 2873 Romanorum
2326 2830 2443 2871 aevo

180 2920 272 2957 non
305 2910 545 2975 interrupta
573 2924 680 2959 usus
713 2913 1000 2975 perpetuitate
1035 2912 1098 2983 iu·
1115 2910 1374 2973 relig-ionum
1403 2915 1449 2958 et
1489 2908 1714 2957 doctrinae
1742 2899 1959 2958 sacrariis*
1978 2922 2098 2958 voce
2132 2916 2176 2957 et
2209 2908 2306 2958 stilo
2340 2906 2445 2955 fre-

183 3000 390 3056 quantam
421 2995 642 3059 perduret.
695 2994 832 3044 Suam
859 2997 993 3059 igitur
1032 2997 1188 3059 cuique
1223 2996 1352 3043 aetati
1384 2993 1638 3042 latinitatem
1671 2996 1861 3057 permitti
1889 3009 1971 3058 par
2000 3001 2082 3055 est,
2117 2992 2248 3042 modo
2274 2990 2444 3040 barba—
