2622 3303
1264 105 1328 155 12

148 289 309 340 abesse
343 291 440 338 sine
475 288 564 337 ulla
598 301 743 352 poena
770 286 945 351 publice
975 289 1143 337 sancita
1171 288 1326 347 liceat3
1361 286 1589 336 ditioribus
1619 292 1766 335 autem
1793 300 1853 335 ne
1881 285 2024 335 liceat.
2075 286 2127 335 In
2158 288 2429 343 democratia

146 390 302 425 rursus
335 373 670 439 pauperioribus
705 372 895 433 civibuS,
933 376 1007 435 qui
1040 374 1119 422 vel
1147 376 1331 421 comitiis
1359 373 1438 421 vel
1464 373 1633 421 iudiciis
1661 375 1861 420 intersint
1887 371 2139 420 mercedem
2167 373 2428 440 largiuntur,

147 459 376 511 ditioribus
411 463 449 510 si
485 459 628 509 desint
663 475 853 523 poenam
889 476 980 508 non
1014 463 1251 524 imponunt.
1320 459 1371 506 In
1405 459 1554 523 politia
1587 467 1735 507 autem
1768 458 1883 507 bene
1917 466 2160 524 temperata
2193 467 2427 527 utrumque

144 547 395 596 faciendum
429 552 513 606 est,
548 553 596 593 ut
629 547 897 610 pauperibus
932 549 970 594 si
1005 546 1147 593 adsint
1180 558 1355 593 merces
1389 544 1619 606 tribuatur,
1652 544 1877 593 ditioribus
1911 547 1951 593 si
1984 544 2129 593 desint
2160 560 2305 609 poena
2334 550 2426 595 im-

145 640 347 698 ponatur,
383 647 470 696 quo
506 632 570 692 fit,
604 638 652 679 ut
687 646 842 680 omnes
878 633 1002 679 cives
1031 630 1107 679 vel
1135 630 1307 693 plurimi
1337 636 1460 677 certe
1490 631 1668 693 quidem
1697 630 1981 679 concionibus
2010 637 2055 679 et
2081 629 2251 681 iudiciis
2279 634 2425 682 inter-

143 721 244 778 sint,
280 720 475 781 alioquin
511 701 685 766 nonnisi
719 718 930 775 alterutri,
965 723 1039 763 aut
1073 716 1253 764 ditiores
1288 722 1336 763 ut
1369 718 1414 763 in
1449 716 1690 778 oligarchia
1725 718 1821 765 fieri
1856 718 1992 776 solet,
2027 724 2101 764 aut
2133 716 2273 780 plebis
2307 733 2426 781 pau-

142 805 334 867 perioris
369 802 623 861 multitudo,
658 808 705 848 ut
739 804 784 849 in
820 801 1101 848 democratia.
1159 800 1357 848 Militiam
1392 815 1630 864 capessere
1666 809 1711 848 et
1745 801 1919 865 publica
1954 817 2075 850 arma
2110 809 2300 850 tractare
2333 817 2426 851 non

143 889 346 935 omnibus
382 890 455 950 qui
489 888 534 934 in
569 889 749 935 civitate
784 889 945 933 vivunt
979 886 1126 944 liceto,
1161 885 1242 933 sed
1276 892 1441 932 tantum
1474 887 1528 933 iis
1564 888 1638 947 qui
1674 888 1839 948 optimo
1867 889 1964 933 iure
1995 888 2119 934 cives
2148 888 2234 933 sint
2263 893 2307 934 et
2335 887 2424 933 ali-

144 986 274 1033 quam
310 970 501 1018 habeant
534 974 601 1018 rei
637 971 838 1033 publicae
874 970 1242 1018 administrandae
1278 976 1475 1032 partem,
1523 969 1579 1016 ad
1625 984 1755 1031 quam
1791 984 1887 1016 rem
1924 984 2083 1019 census
2119 971 2271 1031 aliquis
2307 971 2423 1018 defi-

140 1055 329 1104 niendus
365 1063 450 1116 est,
485 1071 631 1120 neque
668 1055 742 1103 ille
779 1055 953 1118 quidem
989 1055 1221 1102 admodum
1257 1055 1459 1117 grandis,
1494 1061 1541 1101 ut
1576 1056 1740 1102 civium
1773 1037 1982 1102 numerus
2019 1070 2139 1102 arma
2175 1054 2345 1118 publica
2380 1063 2425 1104 et

140 1155 327 1188 munera
362 1143 430 1188 rei
464 1142 666 1204 publicae
700 1142 1048 1203 participantium
1085 1152 1263 1203 semper
1297 1140 1439 1187 maior
1467 1140 1536 1199 sit,
1573 1153 1703 1202 quam
1732 1152 1890 1188 eorum
1921 1141 2084 1189 civium
2112 1142 2185 1203 qui
2214 1139 2282 1188 his
2310 1142 2424 1189 iuri-

138 1225 223 1274 bus
259 1233 425 1274 carent.
441 1222 487 1255 ¹⁶>
560 1224 705 1274 Causa
741 1232 784 1273 et
820 1228 949 1288 origo
986 1239 1141 1274 eorum
1176 1224 1406 1286 malorum,
1443 1223 1598 1288 quibus
1634 1224 1710 1274 vel
1744 1224 1893 1288 politia
1929 1224 2005 1274 vel
2040 1228 2313 1275 aristocratia
2348 1227 2426 1274 in-

139 1318 342 1372 tereant,
389 1312 647 1375 plerumque
694 1311 805 1358 haec
840 1318 909 1359 est
944 1310 1062 1374 quod
1097 1325 1187 1359 non
1222 1311 1324 1373 apte
1359 1316 1404 1358 et
1438 1309 1678 1372 prudenter
1711 1311 1951 1357 miscentur
1984 1312 2029 1357 in
2064 1311 2213 1373 politia
2251 1311 2425 1372 quidem

141 1396 457 1459 oligarchicum
493 1402 537 1444 et
573 1395 917 1444 democraticum
952 1410 1111 1457 genus,
1146 1398 1192 1443 in
1220 1396 1494 1444 aristocratia
1523 1401 1703 1457 praeter
1731 1395 1889 1442 eadem
1917 1394 2019 1443 bina
2047 1411 2216 1457 genera
2244 1399 2425 1459 insuper

138 1483 313 1530 virtutis
348 1488 558 1544 tanquam
593 1482 770 1529 tertium
804 1481 872 1529 his
908 1481 1020 1529 binis
1056 1480 1295 1542 generibus
1330 1479 1550 1528 accedens
1585 1479 1861 1527 elementum.
1933 1479 2083 1542 Atque
2129 1481 2279 1543 politia
2320 1482 2425 1544 qui-

141 1566 242 1613 dem
278 1573 434 1630 praeut
469 1568 515 1613 in
549 1566 632 1612 hac
667 1582 759 1613 non
793 1567 901 1614 satis
937 1572 1096 1612 exacta
1131 1568 1345 1614 mixtione
1380 1566 1458 1615 vel
1493 1566 1810 1628 oligarchicum
1856 1580 1997 1627 genus
2040 1566 2117 1613 vel
2154 1565 2424 1616 democrati-

138 1666 239 1699 cum
274 1650 616 1715 praeponderat,
652 1653 711 1699 ita
745 1654 792 1699 in
827 1652 1081 1699 alterutram
1119 1651 1508 1713 degenerationem
1545 1654 1849 1714 corrumpitur.
1862 1646 1909 1680 ¹⁷)

310 1736 381 1782 De
417 1750 590 1783 summo
621 1738 933 1798 peripateticae
963 1742 1111 1784 sectae
1141 1743 1322 1784 auctore
1351 1752 1468 1784 nunc
1503 1736 1657 1784 oculos
1693 1741 2006 1796 convertamus
2035 1737 2080 1783 in
2107 1736 2423 1787 nobilissimum

134 1836 285 1868 rerum
321 1823 589 1884 scriptorem
624 1821 855 1884 Polybium
869 1855 883 1881 ,
931 1836 1061 1884 quum
1108 1835 1169 1868 ex
1215 1824 1470 1885 interposita
1517 1824 1632 1869 inter
1665 1827 1896 1885 utrumque
1932 1827 2074 1869 aetate
2110 1823 2299 1886 scriptor
2332 1837 2423 1871 non

135 1909 326 1969 supersit
357 1909 481 1954 cuius
513 1907 599 1953 hoc
630 1908 732 1953 loco
756 1909 866 1954 ratio
891 1903 1161 1953 habeatur.¹⁸)
1220 1906 1312 1953 Iam
1342 1912 1388 1953 ut
1416 1906 1682 1954 Aristoteles
1712 1921 1803 1953 non
1834 1922 1996 1968 paucas
2027 1906 2150 1954 affert
2179 1909 2421 1955 sententias

135 1997 181 2037 et
215 1996 451 2054 praecepta
488 1990 543 2035 de
578 1992 727 2038 mixtis
764 2004 913 2037 rerum
950 1989 1220 2053 publicarum
1256 1989 1494 2052 generibus
1530 1996 1737 2053 peracuta
1784 1990 1858 2038 ille
1906 1990 2080 2053 quidem
2130 1999 2174 2038 et
2208 2005 2420 2054 perquam

134 2075 465 2134 memorabilia,
514 2074 595 2122 sed
638 2089 952 2139 nonnunquam
1002 2074 1244 2137 significata
1280 2077 1421 2138 potius
1460 2091 1589 2138 quain
1623 2076 1802 2124 uberius
1840 2083 2068 2135 enarrata,
2112 2079 2171 2124 ita
2206 2076 2418 2140 Polybius

134 2162 236 2207 huic
273 2160 328 2206 de
364 2173 536 2221 genere
572 2161 711 2206 mixto
748 2159 1003 2219 doctrinae,
1050 2167 1255 2222 tanquam
1291 2160 1604 2220 fundamento,
1647 2167 1786 2207 totum
1820 2175 1948 2208 suum
1983 2161 2240 2224 prudentiae
2276 2161 2418 2209 civilis

133 2247 235 2294 sive
271 2246 479 2307 politicae
514 2251 712 2306 systema
746 2247 1048 2307 superstruxit.
1065 2240 1110 2275 ¹⁹)

307 2329 380 2377 Ac
426 2331 616 2391 primum
664 2329 836 2390 quidem
885 2332 1014 2377 etiam
1058 2330 1271 2393 Polybius
1318 2345 1404 2377 sex
1450 2332 1627 2375 omnino
1676 2344 1825 2376 rerum
1860 2330 2130 2392 publicarum
2165 2345 2336 2392 genera
2369 2338 2418 2376 ut

133 2413 401 2462 Aristoteles
438 2421 685 2473 enumerat,
720 2413 801 2459 sed
836 2415 1081 2461 nominibus
1118 2416 1383 2477 aliquantum
1421 2416 1475 2461 ab
1504 2415 1746 2462 Aristotele
1777 2416 2011 2475 recedens,
2045 2418 2128 2462 tria
2157 2416 2415 2479 probabilia,

132 2515 321 2560 regnum
358 2501 630 2557 (βασιλείαν),
679 2501 909 2560 imperium
945 2503 1222 2562 optimatum,
1258 2508 1417 2546 statum
1452 2502 1732 2564 popularem,
1780 2514 1911 2565 quem
1955 2500 2131 2565 quidem
2167 2515 2229 2548 ex
2263 2507 2415 2549 nostra

133 2586 453 2632 consuetudine
490 2588 757 2642 δημοκρατίαν,
796 2600 881 2631 nec
916 2586 1202 2632 Aristotelem
1231 2600 1423 2649 sequens
1448 2587 1637 2630 πολιτείαν
1668 2594 1713 2634 et
1739 2588 1978 2644 τιμοκρατίαν
2006 2592 2163 2641 vocatu
2198 2588 2302 2633 item
2330 2587 2413 2632 tria

132 2671 249 2718 mala
284 2678 328 2719 et
362 2686 581 2735 perversa
611 2686 796 2733 genera,
832 2669 1121 2734 probabilium
1150 2671 1536 2734 degenerationes,
1572 2674 1685 2733 regii
1715 2674 1887 2734 imperii
1915 2673 2014 2720 sive
2043 2672 2236 2728 βασιλείας
2265 2671 2412 2731 dege-

131 2758 424 2816 nerationem,
460 2773 591 2819 quam
625 2758 722 2820 ipse
755 2763 890 2805 vocat
918 2756 1136 2814 μοναρχίαν,
1170 2757 1437 2806 Aristoteles
1467 2758 1767 2821 tyrannidem3
1804 2757 1963 2805 deinde
1993 2759 2294 2805 aristocratiae
2324 2756 2412 2804 de-

130 2844 469 2904 generationem
505 2843 806 2905 oligarchiam,
841 2850 1113 2907 postremum
1150 2842 1444 2891 democratiae
1479 2843 1812 2903 ochlocratiam,
1848 2859 1979 2905 quam
2015 2843 2191 2906 quidem
2224 2843 2411 2890 Aristo-

129 2927 243 2975 teles
292 2927 606 2976 democratiam
650 2931 858 2977 nominat.
929 2928 1010 2976 His
1058 2942 1142 2976 sex
1184 2928 1423 2991 generibus
1466 2931 1701 2993 propositis
1747 2945 1964 2978 summum
2006 2933 2291 2993 praeceptum
2324 2925 2410 2974 hoc

129 3016 406 3075 pronuntiat:
455 3016 662 3075 optimam
696 3016 876 3062 omnino
913 3016 1108 3062 omnium
1142 3030 1289 3062 rerum
1336 3013 1605 3078 publicarum
1648 3015 1838 3062 formam
1864 3029 1975 3062 ,eam
2008 3012 2255 3061 habendam
2289 3026 2409 3071 esse,

129 3112 244 3160 quae
274 3099 330 3147 sit
355 3112 383 3145 e
412 3097 551 3146 tribus
580 3099 819 3161 generibus
848 3100 933 3149 illis
960 3099 1090 3148 bonis
1114 3102 1343 3164 permixta.
1392 3100 1535 3159 Quam
1564 3105 1824 3151 sententiam
1855 3099 2014 3164 duplici
2042 3090 2213 3155 ratione
2236 3096 2409 3161 probat,
