2622 3303
1281 95 1347 144 io

164 283 469 334 aristocratiae
503 282 649 330 virtus
680 286 783 339 est,
826 279 1105 342 oligarchiae·
1134 292 1322 338 census,
1369 277 1669 326 democratiae
1712 277 1905 328 libertas.
1974 278 2068 327 Iam
2099 280 2139 328 si
2172 278 2287 328 haee
2318 286 2449 329 terna

165 370 385 419 elementa
419 368 608 426 virtutis,
644 365 915 426 divitiarum,
949 365 1162 414 libertatis
1196 370 1302 427 apto
1335 369 1685 427 temperamento
1721 365 2002 429 copulantur,
2035 371 2086 414 ut
2118 379 2200 419 sua
2234 366 2448 427 cuiusque

164 457 281 503 ratio
316 460 514 512 constet,
558 458 652 499 tum
698 451 978 499 solummodo
1012 465 1124 500 vera
1160 451 1435 497 aristocratia
1471 449 1686 511 eflicitur,
1731 464 1847 513 quae
1881 450 2001 500 nulla
2044 450 2130 499 alia
2174 457 2270 512 est,
2317 465 2448 513 quam

164 543 281 591 ma
318 540 475 587 horum
509 540 641 585 trium
676 538 996 586 elementorum
1030 529 1296 582 mixtura.¹³>

342 624 514 681 Quodsi
546 624 650 671 bina
685 629 850 669 tantum
878 622 1035 668 horum
1063 621 1383 668 elementorum
1412 621 1529 667 inter
1557 633 1609 668 se
1637 626 1740 683 apta
1767 622 1939 668 ratione
1967 620 2306 682 permiscentur,
2332 633 2448 667 cen·-

164 726 244 759 sus
278 717 324 757 et
356 709 556 768 libertas,
590 707 819 756 laudabilis
854 706 929 753 ille
965 712 1103 753 status
1139 705 1366 767 popularis
1401 704 1600 764 efficitur,
1637 719 1768 765 quam
1804 704 1999 767 politiam
2032 707 2132 753 sive
2160 705 2449 752 timocratiam

165 795 436 844 Aristoteles
471 793 676 857 appellat.
744 791 814 838 De
850 791 935 838 hac
970 793 1067 853 ipsa
1103 796 1250 837 autem
1286 790 1596 852 permixtione,
1631 789 1811 851 politiae
1845 789 2009 837 bonum
2044 804 2187 851 genus
2221 792 2321 838 sive
2356 805 2449 852 po-

165 882 368 944 pularem
403 885 563 927 statum
598 876 871 940 probabilem
909 876 1147 935 efficiente,
1191 873 1478 938 philosophus
1513 875 1697 938 copiose
1731 880 1777 923 et
1810 873 2024 937 singulari
2059 889 2159 921 cum
2194 889 2300 922 cura
2334 874 2450 923 hunc

164 964 265 1014 fere
299 967 345 1012 in
380 963 561 1011 modum
597 965 794 1026 exponit.

341 1049 530 1112 Triplex
563 1055 633 1097 est
667 1047 935 1110 oligarchiae
971 1055 1016 1094 et
1051 1047 1346 1094 democratiae
1372 1049 1472 1095 sive
1501 1060 1662 1094 census
1692 1052 1737 1093 et
1764 1045 1992 1104 libertatis,
2026 1045 2447 1108 permiscendarum‚

165 1141 214 1183 ut
246 1134 352 1183 inde
392 1135 544 1197 politia
579 1135 806 1193 efficiatur,
842 1134 968 1179 ratio,
1040 1132 1186 1181 Prima
1221 1135 1335 1179 ratio
1371 1132 1485 1180 haec
1518 1138 1612 1192 est,
1647 1137 1694 1179 ut
1729 1145 1790 1179 ex
1824 1131 1970 1192 aliquo
2008 1132 2236 1193 utriusque
2272 1131 2328 1178 de
2363 1145 2450 1178 ea-

166 1221 269 1269 dem
317 1235 369 1267 re
414 1222 609 1268 instituto
657 1225 824 1266 tantum
872 1220 969 1264 eius
1017 1219 1198 1265 instituti
1245 1218 1431 1265 alteram
1474 1224 1645 1280 partem
1680 1219 1883 1278 utrinque
1918 1231 2067 1266 sumas
2103 1216 2450 1279 coniungendas,

165 1307 353 1354 alteram
388 1306 622 1365 relinquas.
691 1303 900 1364 Exempli
936 1317 1070 1349 causa
1107 1305 1152 1349 in
1189 1302 1442 1363 oligarchiis
1478 1315 1652 1363 poenae
1689 1301 1916 1348 ditioribus
1953 1301 2124 1348 civibus
2168 1303 2451 1363 imponuntur

166 1391 207 1439 si
251 1389 418 1437 iudices
463 1391 510 1435 in
555 1387 725 1435 iudiciis
772 1386 1059 1450 popularibus
1094 1386 1308 1435 habendis
1344 1401 1437 1433 non
1479 1392 1787 1448 compareant,
1834 1385 2101 1447 pauperibus
2149 1399 2323 1434 merces
2367 1398 2451 1448 pro

164 1488 350 1522 munere
396 1472 553 1521 iudicis
602 1471 808 1520 obeundo
857 1487 948 1520 non
993 1471 1246 1535 praebetur.
1315 1471 1366 1520 In
1402 1471 1679 1519 democratiis
1716 1475 1870 1517 contra
1905 1470 2241 1532 pauperioribus
2276 1468 2450 1518 civibus

165 1558 383 1607 eiusmodi
418 1571 592 1606 merces
627 1556 841 1604 iudicibus
876 1557 1140 1619 praebetur3
1186 1557 1365 1605 ditiores
1400 1571 1549 1620 poena
1586 1556 1643 1603 ad
1678 1555 1867 1603 iudicum
1902 1570 2086 1603 munera
2123 1554 2325 1603 obeunda
2360 1570 2451 1604 non

166 1650 398 1706 coguntur.
469 1642 562 1690 Iam
608 1642 754 1690 media
801 1648 845 1690 et
891 1644 1005 1691 iusta
1053 1643 1207 1690 mixtio
1255 1643 1434 1705 politiae
1470 1645 1516 1690 in
1550 1642 1720 1690 iudiciis
1757 1641 2070 1691 constituendis
2116 1641 2229 1689 haec
2264 1648 2358 1702 est,
2404 1647 2453 1690 ut

165 1731 378 1779 alterutra
412 1743 517 1792 pars
552 1731 758 1790 utrinque
793 1735 937 1778 sumta
974 1728 1218 1790 copuletur,
1252 1728 1298 1774 id
1334 1735 1417 1787 est,
1454 1742 1514 1774 ex
1550 1728 1791 1790 oligarchia
1828 1743 1975 1791 poena
2013 1728 2217 1775 ditiorum
2246 1727 2452 1788 iudicum,

165 1817 240 1876 qui
277 1815 422 1861 officio
459 1829 542 1862 suo
580 1813 763 1872 desunt⁷
810 1829 871 1862 ex
920 1813 1185 1861 democratia
1234 1812 1575 1876 pauperioribus
1603 1813 1835 1862 'iudicibus
1873 1828 1959 1875 quo
1998 1813 2247 1877 diligentius
2283 1813 2452 1862 iudiciis

164 1901 369 1947 intersint
415 1902 642 1962 proposita
692 1914 877 1947 merces.
950 1900 1152 1945 Alterum
1201 1901 1425 1948 mixtionis
1472 1914 1615 1962 genus
1663 1899 1763 1948 bina
1807 1901 1999 1949 instituta
2035 1914 2096 1947 ex
2131 1900 2372 1962 oligarchia
2408 1906 2453 1946 et

166 1984 437 2031 democratia
474 1988 533 2030 ita
569 1988 808 2046 coniungit,
845 1991 891 2031 ut
926 1992 1134 2034 servetur
1169 1988 1400 2043 utrumvis,
1436 1985 1517 2032 sed
1554 1987 1726 2031 tertium
1763 1985 1983 2045 quoddam
2013 2001 2180 2032 novum
2210 1989 2451 2032 institutum

165 2070 359 2115 medium
406 2071 520 2115 inter
567 2069 881 2130 oligarchicum
931 2076 975 2115 et
1022 2069 1362 2116 democraticum
1407 2068 1613 2124 addatur,
1661 2070 1790 2129 quale
1826 2072 1911 2116 hoc
1947 2077 2026 2116 est.
2097 2070 2147 2115 In
2183 2070 2451 2117 democratia

163 2154 299 2217 plane
334 2153 477 2201 nullus
513 2156 750 2215 requiritur
785 2154 841 2200 ad
878 2153 1050 2200 comitia
1088 2154 1386 2215 participanda
1422 2168 1609 2213 census3
1658 2159 1702 2201 in
1746 2156 1986 2217 oligarchia
2022 2170 2316 2218 permagnus3
2364 2158 2451 2202 iam

164 2242 212 2286 in
258 2240 410 2301 politia
454 2253 597 2300 neque
644 2239 787 2287 nullus
834 2254 981 2298 neque
1029 2253 1301 2300 permagnus
1350 2239 1431 2285 sed
1465 2241 1662 2286 modicus
1699 2243 1893 2300 exigitur
1928 2253 2100 2285 census.
2172 2240 2451 2287 Postremum

165 2325 295 2371 tertia
331 2323 628 2385 permiscendi
663 2325 773 2371 ratio
811 2338 865 2370 ea
901 2330 994 2382 est,
1030 2331 1077 2370 ut
1113 2339 1204 2372 non
1240 2323 1447 2371 diversae
1485 2325 1681 2372 eiusdem
1716 2326 1894 2372 instituti
1928 2331 2079 2388 partes
2114 2326 2343 2387 utrinque,
2388 2339 2451 2374 ex

166 2409 409 2471 oligarchia
446 2415 490 2457 et
525 2408 810 2467 democratia,
847 2410 1089 2469 seligantur
1123 2412 1242 2455 inter
1277 2424 1328 2457 se
1359 2411 1717 2472 coniungendae3
1754 2411 1835 2458 sed
1866 2411 2044 2459 diversa
2073 2413 2264 2459 instituta
2295 2418 2339 2458 et
2368 2410 2450 2459 sibi

166 2497 389 2541 contraria
412 2496 614 2554 utrinque
640 2494 840 2541 desumta
866 2496 1137 2554 copulentur.
1192 2494 1515 2553 Democratica⁷
1544 2495 1737 2556 exempli
1762 2509 1911 2554 causa⁷
1936 2509 2009 2543 res
2032 2502 2113 2555 est,
2137 2498 2182 2542 in
2205 2497 2447 2557 magistra-

166 2577 280 2625 tibus
318 2577 521 2625 creandis
558 2584 678 2626 sorte
713 2581 775 2625 uti
810 2594 898 2625 nec
934 2578 1068 2624 ullum
1104 2594 1284 2627 censum
1321 2581 1535 2639 exigere3
1572 2580 1899 2641 oligarchorum
1924 2587 2006 2639 est,
2037 2581 2140 2643 eligi
2170 2583 2450 2642 magistratus

164 2677 258 2710 non
294 2665 468 2722 sortiri,
504 2670 548 2709 et
584 2677 766 2711 censum
802 2664 929 2712 simul
966 2665 1163 2726 exigere.
1234 2664 1327 2712 Iam
1363 2664 1540 2727 politiae
1576 2667 1674 2714 sive
1710 2664 1927 2728 probabili
1963 2665 2259 2713 democratiae
2294 2668 2451 2727 generi

165 2749 546 2795 accommodatum
575 2752 673 2808 erit,
715 2764 777 2795 ex
812 2750 1022 2796 alterutra
1060 2750 1313 2798 alterutrum
1350 2750 1543 2813 seligere
1573 2751 1812 2799 institutum
1850 2757 1894 2799 et
1927 2753 2041 2798 inter
2077 2766 2127 2799 se
2163 2750 2451 2809 confundere,

165 2847 229 2881 ex
264 2834 504 2895 oligarchia
539 2837 872 2896 magistratuum
909 2836 1127 2882 electione
1163 2852 1251 2884 non
1287 2843 1410 2885 sorte
1445 2839 1739 2897 creationem,
1788 2852 1850 2885 ex
1896 2838 2163 2885 democratia
2211 2850 2370 2885 census
2405 2837 2451 2882 in

165 2918 381 2980 eligendis
417 2921 740 2981 magistratibus
771 2923 1066 2969 omissionem.
1116 2921 1428 2971 Permixtionis
1457 2929 1602 2971 autem
1633 2922 1903 2985 oligarchiae
1939 2930 1984 2970 et
2019 2923 2313 2970 democratiae
2349 2928 2450 2983 apte

165 3003 222 3049 ad
248 3005 445 3065 politiam
471 3006 740 3052 efficiendam
760 3013 1033 3070 temperatae
1056 3007 1142 3054 hoc
1166 3010 1248 3055 erit
1270 3007 1593 3067 documentum,
1629 3011 1667 3058 si
1703 3008 1916 3057 eiusmodi
1951 3008 2102 3071 politia
2138 3004 2193 3053 ab
2229 3006 2324 3052 aliis
2360 3006 2451 3052 oli-

164 3090 363 3150 garchia‚
400 3089 455 3136 ab
492 3091 587 3138 aliis
624 3093 892 3140 democratia
930 3091 1235 3156 appellabitur,
1273 3107 1405 3155 quum
1429 3096 1487 3142 ita
1515 3101 1741 3158 appareat,
1778 3093 1891 3141 haec
1911 3094 2014 3142 bina
2036 3106 2205 3155 genera
2227 3094 2272 3138 in
2302 3090 2450 3154 politia
