2622 3303
1287 77 1321 134 4

159 266 395 313 rismorum
441 269 487 309 et
531 261 900 309 soloecismorum
946 259 1106 309 sordes
1152 258 1296 307 absint
1338 266 1385 306 et
1423 257 1592 306 debitus
1638 260 1773 320 genio
1818 258 1997 322 linguae
2030 260 2175 309 honor
2219 268 2437 310 servetur.

159 350 349 400 Accedit
394 348 512 413 quod
556 347 640 394 hac
684 348 781 411 ipsa
824 352 979 394 nostra
1025 352 1170 393 aetate
1218 345 1296 393 vel
1342 344 1624 392 mulierculae
1668 349 1892 393 nostrates
1938 352 1985 393 et
2029 345 2198 410 pueruli
2241 346 2438 410 pluribus

160 437 410 502 peregrinis
445 433 723 483 sermonibus
771 431 1045 480 confabulari
1092 431 1291 489 discunt,
1330 437 1384 477 -ut
1428 432 1647 492 segnitiae
1693 432 1958 493 vituperium
1993 431 2218 479 literarum
2253 431 2437 481 studiosi

159 525 320 569 merito
366 523 618 578 incurrant,
665 521 704 566 si
724 515 726 518 ’
750 532 1001 566 sermonem
1046 516 1226 562 latinum
1274 518 1466 562 omnium
1501 516 1767 578 reliquarum
1801 515 2052 577 linguarum
2086 520 2131 564 in
2166 519 2434 565 commercio

160 608 355 655 literario
401 607 618 652 vicarium
668 602 919 650 addiscendi
966 601 1213 648 molestiam
1248 600 1548 648 reformident.
1619 600 1710 647 Sed
1745 607 1839 647 utut
1872 600 1959 648 hoc
1995 609 2089 662 est,
2138 618 2226 665 ego
2263 602 2437 666 quidem

159 694 273 739 mori
307 693 526 737 maiorum
562 696 606 735 et
639 688 830 733 muneris
865 688 952 731 mei
986 685 1253 747 professioni
1287 688 1332 732 in
1368 688 1556 748 antiquis
1601 686 1738 731 literis
1779 685 2055 748 explicandis
2104 690 2302 751 occupati
2350 687 2437 734 de-

158 790 263 824 esse
306 776 454 834 nolui,
500 780 630 835 atque
665 771 767 817 dum
814 772 1111 818 antecessoris
1157 772 1244 817 mei
1278 772 1324 816 in
1370 770 1541 816 honore
1587 776 1916 833 prorectoratus
1963 772 2213 835 exemplum
2247 785 2438 836 sequens

157 862 295 909 latino
331 872 538 908 sermone
573 858 743 904 aurium
778 862 1056 915 vestrarum,
1091 854 1310 902 auditores
1346 855 1696 914 honoratissimi,
1732 855 1952 902 fastidium
1985 862 2132 917 tento,
2176 872 2248 905 me
2284 872 2310 905 a
2344 871 2437 906 vo-

159 947 228 995 bis
274 948 312 994 si
356 958 447 991 non
490 941 694 1001 laudem,
742 948 863 988 certe
909 943 1088 987 veniam
1134 942 1462 1003 impetraturum
1507 954 1609 988 esse
1655 955 1801 1004 spero.
1873 940 2020 988 Nolite
2066 955 2179 990 vero
2223 948 2438 1001 metuere,

159 1030 331 1078 etiamsi
366 1027 572 1076 laudator
607 1029 690 1075 sim
724 1025 845 1074 latini
880 1027 1120 1085 sermoniS,
1155 1039 1213 1073 ne
1248 1025 1407 1073 latinae
1454 1026 1621 1074 scilicet
1665 1026 1943 1089 eloquentiae
1979 1041 2066 1074 vos
2102 1029 2226 1089 quasi
2261 1026 2438 1075 flumine

157 1113 394 1171 inundem3
432 1112 513 1162 sed
549 1111 732 1174 simplici
766 1112 908 1174 potius
945 1116 990 1157 et
1024 1115 1232 1172 quantum
1267 1116 1425 1172 potero
1461 1110 1646 1159 dilucida
1683 1113 1884 1159 oratione
1919 1117 2227 1172 argumentum
2262 1110 2438 1174 aliquod

157 1214 222 1248 ex
257 1200 446 1261 antiquis
482 1197 618 1245 literis
653 1197 854 1259 petitum,
891 1193 1008 1257 quod
1042 1209 1189 1258 neque
1224 1210 1249 1241 a
1285 1201 1465 1243 nostrae
1501 1198 1656 1244 aetatis
1691 1195 1932 1245 rationibus
1968 1196 2158 1244 alienum
2193 1198 2275 1256 sit,
2310 1195 2439 1246 brevi

159 1302 259 1337 sum
306 1284 595 1348 disputatione
642 1287 917 1329 tractaturus.
988 1278 1100 1328 Sunt
1146 1282 1347 1328 nimirum
1395 1283 1439 1329 in
1488 1283 1644 1345 quavis
1690 1281 1886 1330 doctrina
1923 1289 2054 1345 atque
2091 1281 2204 1329 adeo
2239 1284 2285 1329 in
2321 1284 2439 1330 omni

159 1373 280 1422 vitae
309 1385 392 1420 usu
421 1374 570 1416 certae
600 1366 817 1431 quaedam
846 1368 1092 1430 opiniones,
1127 1373 1391 1426 commenta,
1426 1373 1677 1430 praecepta,
1714 1381 1827 1430 quae
1856 1381 1936 1431 per
1964 1366 2244 1416 saeculorum
2274 1380 2439 1416 succe-

160 1456 353 1513 dentium
389 1469 552 1502 aevum
586 1458 904 1516 propagantur,
942 1467 1126 1514 quarum
1160 1451 1337 1514 quidem
1372 1454 1557 1515 primam
1592 1454 1810 1514 originem
1844 1454 2117 1514 investigare
2152 1458 2198 1499 et
2231 1453 2441 1516 persequi

156 1553 427 1606 progressus
463 1539 581 1585 haud
614 1540 743 1600 parvi
778 1537 929 1583 refert.
997 1536 1107 1583 Eius
1135 1539 1316 1599 generis
1347 1543 1415 1584 est
1442 1540 1488 1584 in
1515 1537 1744 1600 prudentia
1775 1538 1895 1585 civili
1923 1539 2024 1585 sive
2052 1539 2235 1585 scientia
2264 1538 2441 1600 politica

155 1630 444 1689 praeceptum
478 1621 585 1670 illud
621 1622 677 1668 de
712 1623 980 1685 praestantia
1014 1620 1189 1667 formae
1224 1634 1373 1668 rerum
1408 1621 1679 1684 publicarum
1712 1623 1960 1685 permixtae
1995 1635 2023 1667 e
2057 1620 2195 1670 tribus
2228 1622 2314 1671 illis
2348 1635 2442 1684 ge-

156 1709 338 1758 neribus
372 1708 656 1755 monarchiae
669 1741 684 1765 ,
732 1707 1034 1754 aristocratiae
1069 1711 1114 1752 et
1150 1704 1447 1752 democratiae
1461 1741 1476 1766 ,
1518 1714 1650 1769 atque
1684 1707 1867 1768 singulis
1900 1705 2140 1768 generibus
2173 1706 2441 1770 simplicibus

156 1800 204 1841 et
236 1795 455 1856 separatis
485 1794 586 1839 sive
615 1797 662 1837 ut
690 1806 806 1838 nunc
838 1791 988 1837 dicere
1017 1790 1211 1838 solemus
1242 1790 1452 1838 absolutis
1481 1791 1617 1853 longe
1649 1791 1979 1838 anteferendae.
2048 1791 2324 1852 Meministis,
2352 1807 2440 1839 au-

158 1877 349 1936 ditores,
391 1878 592 1938 anglicae
628 1877 694 1921 rei
730 1874 930 1938 publicae
966 1877 1319 1922 constitutionem
1354 1874 1479 1922 huius
1515 1878 1648 1938 ipsius
1684 1877 1993 1938 permixtionis
2028 1882 2073 1923 et
2107 1878 2440 1939 temperamenti

157 1963 337 2010 nomine
370 1963 645 2024 potissimum
680 1959 850 2007 laudari
885 1960 1059 2019 solere;
1109 1966 1239 2023 atque
1283 1975 1494 2008 romanae
1529 1962 1595 2008 rei
1630 1960 1830 2024 publicae
1864 1960 2055 2009 formam
2090 1961 2290 2009 similiter
2324 1960 2439 2025 apud

157 2046 421 2094 Ciceronem
455 2050 501 2094 in
535 2046 656 2093 libris
688 2045 743 2092 de
773 2059 824 2092 re
853 2046 1026 2109 publica
1055 2046 1169 2092 hanc
1199 2045 1257 2093 ob
1287 2060 1466 2093 causam
1494 2049 1781 2109 potissimum
1799 2046 2098 2094 commendari
2126 2047 2313 2110 legimus
2340 2048 2439 2111 pri-

158 2147 278 2178 mum
314 2135 429 2194 quod
463 2146 554 2177 non
588 2133 715 2177 unius
746 2133 801 2177 sit
829 2133 1009 2191 ingenio
1040 2130 1121 2177 sed
1149 2131 1400 2190 multorum,
1435 2145 1519 2176 nec
1545 2147 1630 2178 una
1660 2132 1847 2179 hominis
1882 2135 1974 2180 vita
2004 2132 2084 2178 sed
2121 2132 2286 2194 aliquot
2322 2145 2439 2178 con-

158 2218 304 2265 stituta
339 2215 545 2274 saeculis,
580 2221 672 2261 tum
707 2214 823 2277 quod
858 2214 1105 2278 respublica
1142 2221 1343 2278 quartum
1379 2229 1520 2277 genus
1555 2230 1664 2279 prae
1699 2230 1750 2263 se
1785 2215 1900 2264 ferat
1934 2216 2129 2263 maxime
2164 2215 2438 2279 probandum

157 2315 221 2349 ex
253 2302 339 2349 illis
374 2299 617 2362 generibus
646 2299 918 2346 moderatum
946 2306 990 2346 et
1019 2302 1286 2362 permixtum
1320 2296 1510 2347 tribus.¹)
1572 2300 1720 2357 Quare
1747 2314 1911 2364 operae
1940 2303 2127 2365 pretium
2156 2299 2260 2347 mihi
2285 2300 2438 2348 factu-

158 2400 235 2432 rus
271 2384 446 2444 videor,
481 2385 519 2431 si
547 2383 678 2431 brevi
705 2383 1035 2430 adumbratione
1066 2398 1359 2446 proposuero,
1394 2383 1498 2446 quid
1532 2387 1684 2446 graeci
1713 2387 1968 2449 scriptores,
2000 2384 2118 2433 unde
2149 2387 2292 2433 omnis
2321 2383 2436 2433 doc-

157 2471 300 2517 trinae
335 2469 539 2532 politicae
575 2472 687 2517 ratio
724 2472 934 2527 manavit,
971 2476 1015 2515 et
1050 2468 1151 2531 quid
1186 2471 1357 2518 romani
1392 2469 1448 2516 de
1483 2470 1567 2517 hac
1601 2470 1744 2517 forma
1775 2458 1998 2520 civitatum
2024 2472 2243 2534 permixta
2273 2484 2437 2518 sense-

157 2556 245 2601 rint
273 2553 602 2615 docuerintque.
657 2554 781 2611 Quae
817 2553 993 2616 quidem
1023 2568 1123 2600 mea
1153 2553 1385 2617 disputatio
1414 2554 1607 2602 fortasse
1635 2555 1749 2602 hanc
1775 2554 1832 2603 ob
1862 2570 2041 2604 causam
2071 2555 2248 2602 auribus
2273 2557 2437 2603 vestris

157 2652 251 2690 non
296 2637 427 2701 plane
474 2637 656 2701 indigna
690 2638 931 2699 videbitur,
968 2640 1070 2702 quia
1113 2638 1184 2686 hic
1217 2639 1344 2687 locus
1380 2638 1435 2687 ab
1470 2641 1546 2699 iis,
1590 2642 1662 2703 qui
1708 2640 1934 2688 historiam
1979 2642 2190 2689 scientiae
2235 2638 2436 2703 politicae

157 2728 414 2782 tractanmt,
449 2723 645 2772 nondum
682 2723 782 2772 data
818 2738 973 2788 opera,
1009 2730 1215 2787 quantum
1250 2726 1362 2783 scio,
1397 2731 1466 2773 est
1500 2710 1752 2788 perpolitus.

332 2807 526 2856 Primum
573 2809 815 2871 vestigium
859 2808 987 2861 huius
1037 2808 1094 2856 de
1138 2823 1309 2870 genere
1354 2811 1422 2857 rei
1466 2809 1666 2873 publicae
1708 2812 1850 2859 mixto
1885 2811 2076 2859 notionis
2110 2823 2255 2872 neque
2288 2814 2436 2857 tamen

158 2891 280 2956 clare
316 2906 561 2956 expressae
596 2893 678 2944 sed
713 2894 944 2944 obscurius
979 2894 1275 2958 significatae,
1310 2896 1357 2943 in
1389 2893 1519 2944 brevi
1552 2898 1767 2945 sententia
1802 2898 1980 2961 reperio
2014 2894 2171 2944 Soloni
2204 2892 2437 2958 adscripta,

159 2979 251 3040 qui,
285 2992 420 3041 quum
454 2986 625 3042 septem
659 2980 722 3028 illi
754 2981 977 3043 sapientes
1013 2979 1070 3028 de
1106 2979 1268 3043 optimo
1298 2982 1412 3041 regii
1440 2982 1610 3043 imperii
1640 2995 1811 3043 genere
1838 2983 2234 3044 interrogarentur,
2270 2979 2436 3029 dixisse

158 3060 325 3110 fertur:
369 3064 534 3127 optime
567 3078 723 3127 regem
758 3078 924 3127 agere,
969 3066 1010 3111 si
1044 3063 1360 3113 democratiam
1394 3079 1456 3113 ex
1489 3049 1743 3115 monarchia
1778 3066 1998 3116 efficeret.
2044 3062 2160 3113 Nam
2194 3079 2295 3112 cum
2326 3065 2435 3125 iri-ie
