2588 3265
1273 91 1338 141 15

158 275 641 362 mendaciora&
711 272 901 323 Acceffit
943 272 1064 349 quod
1110 269 2437 338 mmmmmpubhmmcumnaoechemomro

157 533 353 590 sulm
380 539 650 600 'potestatem
682 525 986 581 Romanorum
1019 530 1208 594 imperio
1241 524 1691 578 Lacedaemoniorum
1723 529 1852 591 regio
1873 528 2009 576 multo
2038 542 2142 579 esse
2162 527 2436 604 praeferen-

160 621 268 672 dum
290 614 536 670 censeat-”³
569 616 771 681 Regibus
793 616 912 664 enim
933 613 1271 664 Lacedaemone
1292 609 1469 662 nimium
1490 616 1719 677 potestatis
1748 610 1890 662 fuisse
1919 611 2122 661 tributum
2146 620 2278 675 atque
2304 615 2437 663 nimis

162 705 434 757 excelluisse
468 705 576 763 vim,
611 706 889 766 potestatem,
923 701 1176 763 nomenque
1201 700 1391 763 regium,
1424 715 1557 763 quum
1587 706 1633 748 et
1658 698 1971 748 hereditarium
1998 699 2056 748 sit
2083 704 2128 745 et
2151 700 2279 746 nimis
2305 685 2436 763 pauci

159 794 249 844 sint
282 796 530 850 senatores,
567 802 678 850 quos
712 800 853 851 penes
887 800 1105 836 summum
1139 784 1369 834 consilium
1396 785 1627 850 Lycurgus
1656 799 1765 834 esse
1786 785 1991 833 vohierit.
2041 783 2179 847 Apud
2207 782 2435 833 Romanos

161 883 317 927 contra
351 882 398 924 et
432 873 655 923 consulan'
687 878 909 936 potestate
943 873 1057 919 intra
1091 886 1225 918 unum
1259 878 1421 918 annum
1463 870 1632 918 inclusa
1667 876 1824 918 senatu
1858 869 1993 916 multo
2028 883 2157 931 quam
2192 868 2309 933 apud
2342 867 2436 915 La-

161 961 476 1011 cedaemonios
510 957 818 1007 numerosiore
852 970 947 1004 rem
981 955 1200 1020 publicam
1234 955 1371 1003 multo
1406 957 1549 1020 aptius
1584 969 1689 1004 esse
1724 961 2023 1018 temperatam.

335 1045 549 1108 Sequenti
582 1051 684 1109 post
719 1041 982 1091 Ciceronem
1018 1056 1135 1092 aevo
1170 1056 1319 1090 rei-um
1353 1043 1615 1105 scriptorem
1648 1041 1725 1090 vel
1759 1039 2088 1104 philosophum,
2124 1041 2197 1101 qui
2230 1039 2343 1086 hanc
2378 1037 2436 1086 de

159 1133 384 1199 permixto
412 1145 570 1179 rerum
603 1129 875 1194 publicarum
908 1141 1080 1192 genere
1115 1126 1358 1175 doctrinam
1391 1129 1522 1176 novis
1557 1125 1799 1175 rationibus
1834 1125 2103 1185 firmaverit,
2148 1123 2226 1172 vel
2260 1125 2435 1171 omnino

163 1219 457 1267 exornaverit
489 1217 666 1279 reperio
701 1217 921 1263 nemiuem
955 1213 1012 1261 ad
1046 1213 1272 1262 saeculum
1305 1227 1447 1276 usque
1483 1219 1661 1261 sextum
1696 1219 1797 1275 post
1832 1210 2052 1260 Christum
2085 1215 2234 1258 natum
2262 1215 2438 1273 praeter

161 1304 251 1352 duo
285 1304 560 1367 potissimum
594 1302 864 1363 scriptores,
911 1298 1152 1348 Aristidem
1198 1298 1421 1346 rhetorem
1469 1305 1514 1346 et
1559 1298 1737 1346 Petrum
1771 1296 2032 1359 Magistrum
2066 1295 2319 1343 officiorum.
2388 1291 2440 1341 In

160 1401 263 1435 eam
298 1388 416 1435 enim
451 1391 641 1433 aetatem
677 1383 871 1432 incidunt
904 1383 1003 1431 libri
1038 1396 1124 1432 sex
1156 1382 1227 1430 De
1260 1383 1436 1446 politica
1469 1385 1653 1432 scientia
1697 1397 1724 1430 a
1758 1382 1891 1430 Petro
1937 1380 2152 1444 Magistro
2198 1379 2441 1428 officiorum

160 1472 428 1533 conscripti,
473 1469 697 1518 Iustiniani
731 1469 1009 1532 imperatOris
1044 1471 1162 1519 aevo
1196 1467 1413 1530 florente,
1460 1468 1707 1532 eodemque
1753 1466 1985 1519 Ciceronis
2018 1468 2064 1516 in
2099 1465 2263 1533 dialogi
2295 1464 2439 1515 forma

161 1555 410 1605 adhibenda
444 1555 636 1614 aemulo,
671 1568 857 1615 quorum
890 1553 1102 1601 librorum
1135 1554 1385 1616 fragmenta
1419 1553 1622 1618 Angelus
1651 1553 1810 1615 Maius,
1846 1560 1911 1602 tot
1939 1554 2213 1628 antiquorum
2240 1553 2439 1604 volumi-

161 1657 269 1690 num
314 1644 590 1704 sospitator,
624 1641 793 1702 primus
841 1638 985 1686 edidit.
996 1635 1045 1668 ²⁸³
1115 1639 1168 1686 In
1212 1639 1301 1686 hoc
1347 1631 1481 1702 igitur
1524 1630 1645 1687 Petri
1688 1638 1890 1702 Magistri
1924 1638 2100 1703 dialogo
2136 1624 2440 1717 colloquentes

162 1740 385 1792 personae
418 1728 465 1772 in
498 1726 583 1772 hac
617 1723 815 1773 doctrina
850 1727 1155 1785 consentiunt,
1202 1726 1392 1774 civitatis
1437 1718 1629 1791 optimae
1675 1725 1864 1776 formam
1908 1723 2091 1776 conflari
2136 1733 2344 1792 oportere
2379 1742 2443 1778 ex

163 1812 404 1875 generibus
440 1811 722 1859 monarchico
735 1845 750 1871 ,
785 1812 1115 1871 aristocratico,
1151 1810 1473 1871 democratico,
1508 1804 1661 1861 tribus.
1744 1811 1965 1862 Aristides
1999 1819 2146 1861 autem
2180 1812 2333 1862 rhetor
2365 1815 2443 1864 vel

162 1911 397 1946 romanum
432 1898 500 1947 sui
535 1898 746 1960 temporis
781 1897 1068 1960 principatum
1104 1895 1159 1943 ad
1194 1897 1377 1944 mixtum
1412 1899 1478 1944 rei
1513 1897 1715 1960 publicae
1749 1913 1893 1959 genus
1928 1895 2131 1947 refert.²⁹)

338 1982 561 2029 Hactenus
609 1980 665 2027 de
712 1982 765 2029 iis
814 1981 1098 2045 scriptoribus
1134 1984 1319 2046 antiquis
1361 1984 1434 2046 qui
1467 1982 1553 2030 hoc
1587 1997 1730 2045 genus
1766 1996 1914 2030 rerum
1949 1982 2222 2046 publicarum
2256 1987 2441 2033 mixtum

166 2066 417 2116 collaudant
463 2073 593 2130 atque
638 2065 777 2115 tribus
820 2066 905 2114 illis
948 2069 1162 2130 separatis
1198 2074 1243 2114 et
1277 2067 1544 2130 simplicibus
1579 2068 1760 2129 singulis
1795 2066 2061 2131 praeferunt
2131 2066 2290 2132 Neque
2325 2086 2440 2119 vero

167 2152 294 2202 deest
326 2155 442 2200 iuter
477 2153 677 2214 antiquos
711 2153 950 2214 scriptores
986 2146 1139 2199 auctor
1174 2153 1422 2199 contrariae
1456 2154 1701 2201 sententiae
1735 2155 2038 2213 gravissimus.
2109 2143 2288 2202 Tacitus
2323 2158 2442 2202 enim

166 2237 224 2286 de
260 2236 418 2286 eadem
454 2252 589 2286 causa
624 2234 909 2284 memorabile
943 2235 1029 2284 hoc
1063 2234 1265 2284 iudicium
1299 2235 1409 2285 fert:
1399 2231 1471 2267 ³⁰)
1531 2236 1770 2298 „CunctaS,
1805 2241 1957 2301 inquit,
1991 2241 2191 2287 nationes
2226 2247 2272 2287 et
2306 2241 2442 2290 urbes

166 2323 355 2388 populus
369 2357 383 2383 ‚
431 2328 506 2371 aut
539 2324 755 2386 primores
768 2357 783 2381 ,
830 2327 904 2369 aut
946 2321 1106 2383 singuli
1141 2328 1322 2384 regunt:
1370 2320 1542 2370 delecta
1577 2337 1639 2370 ex
1672 2322 1739 2371 his
1775 2330 1820 2371 et
1854 2326 2105 2372 consociata
2138 2326 2206 2371 rei
2239 2312 2443 2388 publicae

166 2407 315 2457 forma
348 2408 519 2456 laudari
553 2407 742 2468 facilius,
777 2423 908 2472 quam
943 2408 1143 2468 evenire,
1176 2404 1254 2456 vel
1288 2410 1327 2456 si
1361 2411 1525 2469 evenit,
1560 2402 1688 2456 haud'
1712 2408 1911 2457 diuturna
1939 2424 2041 2458 esse
2070 2399 2260 2473 potest.“
2302 2395 2442 2469 'Quae

168 2493 388 2544 sententia
423 2493 539 2541 haud
573 2494 857 2541 mediocriter
890 2507 974 2541 nos
1007 2492 1209 2541 advertat
1237 2494 1479 2556 afficiatque
1513 2508 1700 2551 necesse
1731 2501 1799 2541 est
1827 2501 1871 2540 et
1901 2500 2081 2557 propter
2108 2484 2269 2543 summi
2295 2499 2441 2559 sci-ip-

169 2582 296 2640 toris,
332 2592 484 2627 rerum
519 2579 715 2628 civilium
751 2580 1016 2643 peritissimi,
1051 2578 1351 2626 auctoritatem
1385 2585 1429 2626 et
1462 2587 1643 2643 propter
1676 2581 1897 2640 insignem
1931 2582 2028 2628 eius
2064 2595 2091 2626 a
2113 2587 2178 2628 tot
2205 2588 2442 2644 praestan-

168 2664 353 2713 tissimis
397 2664 682 2728 scriptoribus
729 2666 905 2727 graecis
940 2670 985 2710 et
1018 2663 1162 2711 latinis
1198 2663 1453 2712 dissensum.
1534 2664 1710 2712 Utinam
1744 2667 1939 2714 rationes
1976 2665 2216 2716 addidisset
2250 2666 2443 2726 TacituS,

171 2747 329 2811 quibus
352 2749 588 2798 'adductus
633 2750 748 2797 hanc
793 2752 1059 2797 contrariam
1104 2753 1364 2797 sententiam
1409 2750 1747 2813 praeferendam
1786 2743 1985 2798 censeat.
2058 2751 2189 2809 Quod
2235 2765 2367 2816 quum
2402 2753 2442 2798 ei

171 2831 327 2883 facere
360 2849 452 2884 non
473 2835 713 2899 placuerit,
746 2834 989 2900 periculum
1022 2834 1263 2895 faciamus,
1297 2843 1489 2884 mentem
1523 2838 1776 2898 gravissimi
1811 2839 1857 2883 in
1892 2837 1976 2884 hac
2010 2842 2155 2885 causa
2181 2827 2334 2886 iudicis
2367 2839 2441 2883 in-

172 2920 441 2984 vestigando
476 2935 781 2983 cognoscere,
824 2924 1007 2983 eiusque
1042 2921 1271 2983 abruptam
1304 2921 1565 2969 brevitatem
1600 2915 1800 2984 adeoque
1835 2922 2054 2968 silentium
2083 2913 2280 2987 'quodam
2312 2919 2442 2967 modo

172 3003 390 3068 supplere
416 3015 641 3054 conemur.
693 3005 766 3053 Ac
799 3009 987 3069 primum
1022 3007 1199 3069 quidem
1230 3007 1286 3053 de
1314 3021 1496 3053 romana
1524 3020 1576 3054 re
1604 3005 1776 3071 publica
1803 3005 1890 3053 hoc
1915 3014 2052 3071 patet,
2087 2996 2283 3056 Tacitum
2311 3019 2444 3068 quum

173 3091 439 3152 permixtam
455 3112 457 3115 ·
472 3106 623 3139 rerum
655 3092 927 3154 publicarum
960 3091 1151 3139 formam
1185 3092 1428 3139 diuturnam
1462 3087 1621 3154 negat,
1643 3083 1891 3140 'romanam
1930 3091 2247 3157 ‘rempublicam
2281 3095 2356 3137 aut
2388 3088 2448 3137 ad
