2588 3265
1208 65 1241 113 9

92 249 308 299 voluntati
341 256 389 296 et
420 247 581 296 iudicio
617 249 890 297 committere
924 248 1113 296 civitatis
1147 244 1507 310 tranquillitatem
1534 254 1580 296 et
1607 248 1791 296 salutem
1819 247 2042 308 tuendam,
2076 248 2225 311 legum
2254 251 2365 297 vin-

92 335 202 383 culis
236 349 328 382 non
362 333 596 395 impedito,
633 347 777 393 quam.
796 334 1032 380 inanimato
1068 339 1113 380 et
1147 335 1273 394 quasi
1307 332 1445 380 caeco
1470 332 1629 394 'legum
1664 335 1937 395 generalium
1969 334 2158 396 imperio
2193 340 2238 380 et
2270 335 2364 381 im-

90 418 287 467 mutabili
320 433 407 465 nec
441 417 498 465 ad
532 432 681 464 rerum
715 419 977 466 varietatem
1012 417 1412 466 accommodandae
1446 420 1698 467 necessitati
1731 434 1781 467 se
1809 419 1999 467 tradere.
2054 417 2220 466 Contra
2248 418 2364 467 hanc

91 507 352 555 sententiam
399 507 570 567 imperii
611 505 776 565 regalis
825 504 1013 551 absoluti
1060 504 1470 552 commendatricem
1515 504 1783 552 Aristoteles
1815 507 1875 552 ita
1909 507 2008 553 fere
2043 505 2245 554 disserit:
2290 507 2363 554 isti

89 592 241 653 legum
276 589 482 649 defectui,
519 592 592 650 qui
622 603 683 636 ex
716 590 990 651 generalium
1024 593 1383 653 praeceptionum
1417 598 1572 638 natura
1607 593 1771 650 existit,
1808 605 1938 652 quam
1971 592 2204 654 plurimum
2231 590 2363 652 judi-

90 676 172 724 ces
203 682 248 722 et
281 677 563 736 magistratus
599 674 842 735 medentur,
879 689 1065 737 quorum
1101 674 1205 739 ope
1222 676 1449 737 generalia
1477 676 1625 738 legum
1655 682 1894 739 praecepta
1924 676 2107 738 singulis
2136 689 2361 740 persona-

89 776 187 808 rum
233 767 278 806 et
324 774 473 805 rerum
520 759 839 807 conditionibus
886 761 1286 808 accommodantur.
1357 761 1470 807 Tum
1510 769 1631 808 recta
1667 765 1779 809 ratio
1815 765 1858 808 in
1895 764 2016 808 omni
2051 775 2103 807 re
2138 775 2194 807 00
2228 764 2361 809 tutius

88 852 310 903 servatur,
347 858 434 905 quo
469 845 646 905 longius
682 847 813 891 animi
848 845 1199 908 perturbationes
1235 845 1403 893 absunt.
1458 847 1580 893 Haec
1615 850 1710 909 ipsa
1746 853 1893 893 autem
1929 847 1983 893 ab
2019 848 2153 892 animi
2178 853 2362 908 pertur-

88 929 335 977 bationibus
372 931 545 976 vacatio
582 931 627 976 in
662 930 809 993 legem
842 933 1121 978 inanimatam
1157 930 1286 991 cadit,
1326 934 1371 978 in
1404 931 1625 979 hominem
1660 946 1749 979 non
1785 932 1909 979 cadit.
1980 932 2064 990 Qui
2092 932 2181 993 legi
2213 934 2362 995 impe-

88 1019 200 1064 rium
235 1015 396 1075 tribuit,
432 1017 595 1062 numini
632 1018 757 1077 quasi
794 1016 941 1063 divino
977 1017 1125 1064 tribuit
1152 1017 1208 1064 ab
1238 1017 1438 1064 omnibus
1467 1017 1865 1082 perturbationibus
1893 1018 2059 1077 liber03
2095 1020 2168 1079 qui
2197 1018 2361 1065 homini

87 1101 172 1149 soli
207 1100 380 1161 legibus
415 1100 560 1149 soluto
597 1099 768 1159 tribuit,
814 1100 989 1149 beluam
1025 1105 1150 1163 quasi
1185 1102 1404 1164 adiungit,
1454 1117 1584 1164 quum
1631 1106 1762 1150 animi
1809 1104 1985 1151 humani
2021 1103 2278 1166 cupiditates
2314 1108 2361 1150 et

87 1184 442 1248 perturbationes
471 1184 612 1231 beluis
641 1185 942 1232 conferendae
970 1189 1069 1246 sint,
1101 1187 1255 1247 quibus
1284 1187 1400 1233 haud
1432 1203 1533 1234 raro
1564 1188 1640 1234 vel
1669 1189 1818 1249 optimi
1849 1191 1935 1235 viri
1963 1190 2193 1249 imperium
2226 1202 2360 1233 asse-

87 1271 174 1316 cuti
208 1284 234 1315 a
270 1276 391 1317 recta
427 1273 501 1316 via
539 1270 864 1330 detorquentur.
935 1271 1031 1317 Lex
1067 1278 1135 1318 est
1168 1286 1290 1318 mera
1326 1275 1462 1330 ratio,
1505 1273 1735 1318 affectuum
1779 1279 1824 1319 et
1857 1273 2233 1335 perturbatianum
2269 1285 2362 1317 ex-

85 1367 203 1417 pers.
263 1354 466 1415 Denique
502 1361 655 1400 contra
689 1362 889 1401 naturam
925 1363 1007 1415 est,
1044 1359 1120 1403 uni
1149 1358 1233 1404 soli
1267 1364 1356 1404 tam
1384 1358 1717 1405 immoderatum
1747 1361 1792 1405 in
1822 1371 1977 1405 omnes
2007 1358 2205 1419 reliquos
2237 1360 2363 1405 cives

84 1440 315 1502 imperium
350 1438 493 1498 tribui,
531 1453 715 1500 quorum
750 1440 871 1487 multi
906 1448 1078 1501 natura,
1113 1441 1276 1502 indole,
1311 1442 1542 1490 virtutibus
1578 1459 1668 1490 non
1702 1450 1820 1490 tanto
1856 1443 2091 1490 intervallo
2128 1441 2182 1489 ab
2211 1444 2361 1505 impe-

86 1530 214 1571 rante
250 1523 420 1570 distant.
492 1523 551 1569 Ut
580 1524 777 1571 ciborum
805 1531 850 1572 et
879 1528 1241 1574 vestimentorum
1277 1528 1472 1587 aequalis
1505 1542 1713 1575 mensura
1753 1528 2059 1588 inaequalibus
2099 1527 2360 1589 corporibus

83 1609 175 1656 11011
211 1609 434 1668 convenit,
471 1608 673 1670 aequalia
709 1616 856 1656 autem
891 1624 1082 1673 corpora
1117 1610 1346 1672 aequalem
1373 1625 1625 1658 mensuram
1653 1614 1857 1674 exigunt:
1892 1611 2008 1659 idem
2036 1613 2082 1658 in
2110 1611 2282 1659 honore
2312 1618 2357 1658 et

83 1700 302 1758 potestate
338 1693 634 1741 distribuenda
670 1695 826 1742 valere
863 1694 1005 1742 debet.
1078 1695 1190 1742 Tum
1227 1695 1399 1743 demum
1434 1699 1607 1757 regium
1641 1698 1870 1759 imperium
1905 1697 2036 1759 plane
2071 1697 2201 1743 nullis
2235 1696 2359 1757 legi-

83 1779 166 1829 bus
202 1779 455 1829 obstrictum
488 1778 762 1842 probandum
797 1782 867 1839 sit,
903 1781 1039 1842 siquis
1074 1794 1187 1829 unus
1222 1780 1401 1829 heroica
1437 1783 1563 1842 quasi
1598 1783 1761 1830 virtute
1805 1788 1850 1830 et
1884 1796 2163 1830 communem
2196 1780 2359 1828 huma-

82 1866 229 1914 nitatis
264 1880 517 1915 mensuram
553 1872 832 1928 transgressa
868 1872 1101 1928 tantopere
1136 1867 1346 1927 emineat,
1383 1873 1428 1914 ut
1462 1866 1657 1928 reliquos
1694 1882 1850 1916 omnes
1887 1881 2017 1928 quam
2052 1867 2248 1914 maximo
2284 1868 2360 1915 in-

83 1950 272 1998 tervallo
307 1950 420 1997 infra
456 1965 508 1999 se
543 1953 711 2013 positos
747 1950 916 1998 habeat.
970 1951 1067 2007 Qua
1104 1951 1278 2012 quidem
1314 1958 1534 2014 postrema
1570 1954 1786 1999 sententia
1822 1951 2109 2013 philosophus
2144 1952 2357 1998 Alexan-

84 2032 210 2082 drum
246 2048 427 2096 regem,
462 2034 718 2097 disciplinae
752 2048 863 2082 suae
897 2035 1151 2095 alumnum,
1198 2036 1389 2085 fortasse
1425 2037 1710 2098 significavit,
1759 2038 1831 2096 qui
1866 2036 1951 2084 hoc
1987 2038 2085 2098 ipso
2121 2035 2358 2084 intervallo

83 2136 217 2183 supra
253 2119 547 2169 Macedonum
583 2136 762 2169 suorum
797 2119 1108 2168 multitudinem
1145 2127 1190 2168 et
1224 2128 1479 2170 exterarum
1524 2124 1747 2170 nationum
1793 2120 2042 2170 barbariem
2089 2123 2268 2183 ingenio
2314 2127 2359 2169 et

83 2205 263 2254 heroica
298 2208 460 2255 virtute
497 2206 639 2254 elatus
676 2202 857 2255 esset.ยนยน)
927 2204 1085 2267 Neque
1129 2207 1270 2256 minus
1306 2207 1571 2257 Aristoteles
1607 2209 1693 2256 alio
1730 2208 1832 2256 loco
1869 2215 2047 2267 censet,
2092 2208 2232 2269 regali
2268 2210 2359 2256 im-

83 2294 209 2354 perio
245 2298 639 2354 temperamentum
675 2291 853 2353 aliquod
887 2306 989 2339 esse
1025 2291 1326 2351 adhibendum,
1364 2308 1496 2353 quum
1533 2293 1677 2352 docet,
1714 2296 1939 2341 civitatum
1973 2293 2140 2339 formas
2177 2295 2357 2340 omnino

84 2379 347 2424 conservari
381 2384 728 2440 temperamento
765 2378 912 2440 aliquo
949 2393 975 2424 e
1012 2381 1241 2426 contrariis
1276 2376 1439 2437 addito,
1473 2380 1621 2440 itaque
1657 2380 1788 2426 etiam
1825 2378 1977 2440 regale
2007 2381 2238 2441 imperium
2274 2378 2359 2425 hac

83 2463 256 2508 ratione
290 2461 483 2520 firmari,
529 2464 567 2511 si
602 2462 811 2510 libertatis
847 2463 992 2523 aliqua
1028 2463 1295 2510 admixtione
1331 2469 1528 2524 potestas
1564 2465 1688 2523 regia
1735 2465 1988 2510 remittatur.
2060 2463 2204 2519 Quam
2240 2464 2357 2509 viam

86 2544 419 2609 Theopompum
454 2545 906 2595 Lacedaemoniorum
941 2561 1094 2610 regem
1128 2549 1277 2596 iniisse
1302 2554 1455 2595 narrat
1483 2547 1762 2607 Aristoteles,
1799 2548 1872 2608 qui
1903 2561 2037 2609 quum
2066 2550 2236 2610 regiam
2266 2561 2356 2610 po-

82 2636 285 2679 testatem
319 2633 513 2695 ephoros
548 2632 813 2682 instituendo
848 2639 1154 2697 temperasset.
1189 2632 1486 2696 reprehensus
1523 2633 1577 2681 ab
1612 2648 1757 2680 uxore
1793 2633 1912 2694 quod
1948 2648 2136 2695 regnum
2171 2649 2198 2680 a
2228 2638 2352 2696 patre

83 2724 311 2778 acceptum
347 2717 444 2766 filiis
482 2717 746 2767 deminutum
781 2718 1019 2767 traditurus
1056 2726 1201 2778 esset,
1235 2716 1550 2779 Nequaquam,
1585 2720 1747 2778 inquit,
1784 2718 2075 2766 deminutum:
2113 2733 2214 2765 nam
2251 2717 2354 2764 diu-

81 2803 249 2850 turnius
284 2801 477 2850 futurum
511 2803 623 2853 filius
659 2801 893 2851 tradam.ยนยฒ)

255 2886 399 2935 Etiam
434 2888 604 2951 reliqua
639 2888 741 2937 bina
777 2903 927 2937 rerum
962 2888 1233 2954 publicarum
1265 2902 1450 2950 genera,
1487 2891 1753 2953 optimatium
1787 2891 2023 2953 imperium
2057 2891 2157 2938 sive
2186 2890 2351 2935 aristo-

82 2973 262 3020 cratiam
292 2981 337 3021 et
366 2974 694 3035 democratiam,
731 2975 966 3023 dummodo
994 2975 1111 3023 bene
1141 2976 1371 3023 constituta
1405 2977 1505 3034 sint,
1540 2975 1835 3037 permixtione
1871 2975 2061 3036 quadam
2098 2981 2141 3021 et
2173 2981 2353 3034 tempe-

80 3066 281 3108 ramento
318 3061 533 3109 contineri
567 3060 835 3111 Aristoteles
870 3064 930 3110 ita
968 3061 1250 3111 demonstrat.
1317 3059 1530 3109 Nimirum
1563 3059 1661 3110 finis
1696 3061 1773 3109 vel
1808 3064 2070 3127 principium
2098 3058 2353 3123 primarium

2005 3147 2036 3194 2
