2588 3265
259 333 262 336 ’
346 332 480 381 <fii-do
515 331 930 383 Mem-lterum
957 332 1169 397 posunt,
1199 337 1251 380 at
1290 331 1576 394 „nmen-mr
1602 330 1665 378 de
1697 332 1796 379 ture
1824 325 2176 396 moriano!

169 424 242 455 ι’
352 418 931 466 AbordineMedieorm
965 416 1209 481 postulatur
1248 412 1507 480 „Exposifio
1546 416 2219 465 moria-mmmm
2259 414 2457 465 denh—

174 500 438 569 phytonate
465 501 710 552 cormaef‘

349 588 479 637 -Ordo
508 589 872 653 phflosophorum
901 588 986 638 :has
1014 587 1147 637 <bium
1183 590 1463 652 quaestiones
1495 586 1748 636 tractandas
1777 588 2010 651 proponit:

356 674 421 737 1]
461 675 745 736 „Disseratur
776 674 836 721 de
871 674 1163 737 Lydorum
1191 673 1470 732 *civitafibuffi
1504 685 1746 735 earumque
1769 671 1982 732 foedere,
2010 671 2216 720 adhibitis
2250 678 2458 720 vetum

468 768 732 822 „auctorum
766 762 1042 819 testimoniiS,
1077 761 1236 819 numiS,
1272 757 1637 822 inscriptionibuS,
1671 755 1949 805 itinerariis.“

359 844 421 909 2)
461 847 774 909 „Quantopere
810 845 866 893 ad
901 845 1213 906 agriculturam
1248 843 1599 906 promovendam
1634 845 1770 901 iuvet,
1807 842 1982 889 modum
2019 849 2064 888 et
2098 843 2339 899 rationem,
2374 856 2459 903 qua

468 931 681 995 „singulis
704 927 813 978 locis
837 937 1089 988 exercetur,
1124 932 1296 992 penitus
1322 942 1614 989 cognoscere,
1650 927 1706 974 oh
1727 927 1925 974 omnibus
1949 926 2079 973 hodie
2103 927 2223 972 clare
2245 925 2463 985 intelligi-

468 1022 584 1077 „tur,
620 1030 704 1063 nec
740 1014 897 1064 desunt
931 1014 1127 1062 nonnulli
1163 1014 1312 1074 libelli,
1348 1015 1393 1060 in
1428 1012 1583 1077 quibus
1618 1019 1756 1061 status
1793 1012 2085 1075 agriculturae
2120 1014 2166 1058 in
2203 1009 2461 1074 quibusdam

467 1101 751 1163 „regionibus
798 1108 957 1148 exacte
1004 1100 1264 1147 describitur
1316 1106 1360 1145 et
1405 1102 1478 1160 qui
1526 1100 1620 1146 aliis
1657 1098 1905 1145 aucte-ribus
1941 1098 2216 1144 utilissimum
2250 1095 2462 1159 praebent

465 1187 760 1249 „exemplum
833 1185 954 1232 Ordo
987 1183 1344 1248 philosophorum
1379 1183 1568 1247 postulat
1602 1198 1740 1246 erge,
1775 1191 1821 1230 ut
1856 1186 2027 1243 omnia,
2063 1196 2177 1246 quae
2213 1180 2269 1228 ad
2305 1186 2462 1229 statum

468 1273 794 1333 „agriculturae
841 1274 887 1318 in
933 1272 1078 1333 aliquo
1125 1284 1242 1334 pago
1286 1270 1364 1318 vel
1398 1272 1583 1333 regione
1619 1269 1805 1333 quadam
1841 1271 2038 1331 angustis
2075 1266 2231 1315 finibus
2267 1269 2463 1313 circum-

467 1359 687 1420 „scriptae
723 1362 948 1420 spectent,
995 1355 1151 1405 sedulo
1193 1356 1454 1419 colligantur
1489 1362 1534 1403 et
1569 1361 1774 1403 accurate
1810 1354 2142 1414 describantur,
2190 1352 2308 1417 quod
2343 1351 2465 1400 Ger-

466 1443 668 1503 „manice
715 1441 1466 1504 Landwirthschastsbesckreibunq
1503 1443 1623 1490 eines
1658 1441 1791 1489 Ortee
1826 1441 1937 1489 oder
1971 1440 2193 1489 Bezirlces
2238 1452 2463 1489 vocamus.

468 1526 597 1587 „Quo
632 1527 678 1573 in
711 1540 848 1589 opere
882 1541 988 1576 usus
1024 1526 1292 1575 vernaculae
1327 1526 1504 1587 linguae
1540 1515 1839 1573 conceditur.“

358 1609 452 1658 Iam
485 1610 593 1658 nihil
628 1609 744 1657 aliud
787 1615 951 1671 restat,
995 1625 1125 1673 quam
1167 1616 1215 1658 ut
1246 1610 1388 1658 honor
1421 1608 1623 1658 Manibus
1661 1609 1958 1670 augustissimi
1992 1607 2205 1671 Principis
2243 1604 2465 1655 GAROLI

186 1691 491 1746 FmDERlcl
537 1693 707 1744 debitus
743 1709 869 1744 more
904 1694 1091 1744 solemni
1126 1694 1338 1743 habeatur
1373 1701 1418 1742 et
1452 1700 1500 1741 ιιι
1532 1699 1640 1742 vota
1673 1694 1799 1743 huius
1834 1694 1937 1743 festi
1973 1695 2294 1757 opportunitate
2330 1698 2466 1755 quot-

185 1781 312 1830 annis
347 1780 589 1844 nuncupari
623 1778 751 1829 solita
787 1795 813 1827 a
848 1777 975 1830 nohis
1011 1786 1298 1830 renoventur.
1371 1776 1589 1828 CAROLI
1622 1777 1927 1827 FRIDERICI
1956 1794 2011 1826 ea
2040 1784 2142 1828 sunt
2165 1777 2223 1828 de
2250 1778 2334 1826 hac
2361 1781 2468 1829 uni-

186 1868 402 1916 versitate
438 1867 616 1924 merita,
652 1879 766 1927 quae
801 1865 878 1912 vel
915 1866 1109 1928 repetitis
1144 1880 1225 1929 per
1259 1865 1561 1927 longissimam
1596 1880 1811 1912 annorum
1848 1866 2012 1913 seriem
2045 1866 2287 1927 gratiarum
2322 1869 2468 1915 actio-

185 1950 313 2001 nibus
347 1967 438 1999 non
472 1957 799 2013 exaequentur:
848 1966 951 1998 nam
986 1953 1060 2014 qui
1094 1953 1231 1999 vitam
1266 1958 1312 1998 et
1345 1950 1529 1999 salutem
1565 1951 1694 1997 alicui
1730 1957 1954 2013 acceptam
1988 1950 2151 2010 refert,
2195 1955 2233 1999 is
2267 1954 2466 2013 ingratus

184 2038 345 2084 merito
367 2035 610 2094 habebitur,
645 2036 729 2082 nisi
753 2034 957 2097 quamdiu
993 2037 1128 2095 vivat,
1164 2034 1328 2083 tamdiu
1361 2035 1655 2083 benefactoris
1690 2037 1943 2082 meminerit.
2012 2033 2218 2083 Colamus
2253 2038 2388 2098 igitur
2421 2042 2467 2084 et

184 2136 268 2169 nos
305 2127 350 2168 et
385 2124 458 2183 qui
500 2134 581 2168 nos
618 2122 812 2168 secuturi
847 2126 947 2167 sunt
992 2120 1107 2166 hunc
1154 2120 1425 2182 Principem,
1462 2123 1758 2169 universitatis
1793 2127 2162 2180 restauratorem,
2199 2124 2386 2184 perenni
2420 2124 2465 2170 in

186 2220 320 2254 omne
357 2220 519 2254 aevum
555 2206 749 2264 honore,
785 2212 992 2267 tanquam
1027 2203 1213 2252 Genium
1248 2205 1374 2252 huius
1410 2205 1497 2252 loci
1532 2206 1783 2265 tutelarem,
1833 2205 1948 2268 quod
1985 2205 2156 2268 dignius
2192 2212 2237 2254 et
2272 2206 2466 2257 sanctius

186 2307 215 2338 a
250 2292 378 2340 nobis
424 2292 520 2339 fieri
566 2294 741 2354 nequit,
791 2306 921 2353 quam
955 2294 995 2340 si
1030 2293 1352 2339 ornatissimam
1386 2291 1499 2339 hanc
1534 2294 1830 2351 iuventutem,
1880 2306 2004 2355 spem
2046 2293 2214 2354 patriae
2260 2299 2306 2340 et
2340 2294 2467 2355 quasi

185 2375 369 2437 florem,
418 2377 473 2424 ad
520 2376 706 2426 solidam
741 2380 786 2425 in
822 2378 940 2425 omni
975 2391 1145 2439 genere
1181 2376 1446 2437 doctrinam,
1483 2376 1539 2424 ad
1574 2392 1745 2424 morum
1781 2380 2075 2438 integritatem
2110 2383 2155 2424 et
2189 2377 2466 2438 modestiam,

187 2462 246 2510 ad
281 2465 454 2511 virtutis
490 2469 727 2526 praecepta
765 2463 993 2526 sequenda
1029 2465 1338 2512 instituerimus
1375 2478 1427 2510 ea
1462 2463 1704 2522 voluntate,
1741 2478 1795 2509 eo
1826 2462 2024 2521 consilio,
2059 2477 2114 2509 ea
2144 2471 2307 2523 mente,
2343 2466 2465 2513 cuius

188 2546 466 2598 CAROLUS
504 2546 864 2597 FRIDERICUS
908 2563 989 2611 per
1038 2549 1282 2596 diuturnum
1331 2552 1449 2596 vitae
1494 2556 1537 2595 et
1571 2551 1739 2610 imperii
1775 2555 1946 2610 tempus
1982 2554 2047 2594 tot
2082 2556 2128 2595 et
2160 2555 2251 2595 tam
2285 2549 2466 2596 illustria

187 2633 395 2696 exempla
431 2633 578 2693 edidit,
614 2640 894 2680 monumenta
931 2634 1118 2696 reliquit.
1172 2633 1263 2682 Sed
1300 2635 1430 2681 etiam
1464 2649 1565 2694 vos,
1603 2633 1933 2692 commilitones,
1969 2647 2149 2698 semper
2184 2641 2465 2695 mementote,

186 2732 291 2765 eum
325 2720 371 2765 in
405 2719 537 2766 finem
572 2719 686 2767 hanc
719 2722 1054 2768 universitatem
1090 2737 1116 2768 a
1151 2719 1387 2768 maioribus
1417 2733 1519 2766 esse
1550 2719 1781 2779 conditam,
1817 2734 1843 2765 a
1875 2717 2116 2767 CAROLO
2144 2718 2463 2768 FRIDERICO

185 2805 488 2864 instauratam,
523 2808 568 2852 in
604 2804 881 2867 eundemque
908 2803 1040 2853 finem
1067 2821 1184 2853 nunc
1214 2804 1269 2853 ab
1305 2807 1466 2868 optimo
1502 2804 1704 2868 Principe
1739 2804 1907 2863 foveri,
1944 2820 1971 2851 a
2007 2804 2180 2853 civibus
2216 2806 2465 2864 sustentari,

186 2900 279 2936 non
312 2895 361 2936 ut
393 2889 500 2937 nihil
534 2890 650 2937 aliud
684 2893 741 2939 sit
775 2905 906 2953 quam
940 2891 1218 2954 voluptariae
1253 2893 1372 2939 vitae
1408 2889 1713 2974 ἀίνᾟριὼιω
1745 2888 1823 2937 vel
1854 2889 2046 2950 officina,
2080 2893 2127 2938 in
2157 2906 2241 2954 qua
2278 2890 2465 2953 operarii

185 2970 363 3033 literati,
397 2982 444 3023 ut
468 2978 528 3023 ita
558 2975 716 3036 dicam,
751 2976 807 3023 ad
836 2983 1066 3039 quaestum
1096 2976 1345 3024 faciendum
1373 2981 1704 3039 praeparentur,
1736 2976 1825 3021 imo
1862 2977 2008 3038 potius
2043 2983 2092 3023 ut
2127 2979 2183 3025 sit
2214 2977 2368 3022 artium
2401 2974 2465 3021 li—

186 3053 402 3108 beralium
436 3061 582 3122 altrix,
618 3078 703 3109 arx
740 3064 1004 3126 omnigenae
1040 3061 1280 3122 doctrinae,
1316 3074 1454 3109 verae
1481 3060 1772 3121 humanitatiS,
1810 3075 1925 3125 quae
1956 3063 2055 3111 sine
2086 3063 2245 3112 virtute
2278 3065 2322 3107 et
2350 3058 2467 3107 reli-

185 3143 323 3205 gione
359 3151 605 3198 consistere
639 3151 805 3212 nequit,
838 3148 1109 3213 praesidium
1144 3154 1189 3197 et
1221 3147 1550 3197 firmamentum.
