2588 3265
1299 130 1362 180 21

187 313 242 367 si
274 320 413 365 totum
448 319 725 379 spectamus,
772 318 926 361 auctor
974 312 1350 362 commentationis
1392 314 1439 362 iu
1484 307 1695 363 omnibus
1726 313 1823 363 fere
1857 317 2005 380 operis
2039 316 2109 365 sui
2143 313 2339 380 partibus
2372 320 2466 364 tum

186 403 381 465 ingenii,
427 399 600 459 iudicii,
636 398 935 458 dexteritatiS,
977 403 1070 445 tum
1105 398 1236 445 etiam
1270 398 1443 460 pietatis
1479 404 1526 445 et
1560 397 1764 460 candoris
1799 399 2016 449 luculenta
2053 399 2173 449 dedit
2207 402 2466 463 specimina,

186 486 425 549 praecipue
459 490 604 531 autem
638 484 772 531 talem
808 482 1115 546 comprobavit
1150 481 1440 530 eruditionem
1476 489 1520 530 et
1554 483 1756 554 lectionis
1791 487 1975 549 copiam,
2011 485 2184 549 qualem
2212 486 2259 533 in
2287 484 2464 535 homine

187 570 458 619 adolescenti
503 585 593 617 non
639 571 736 618 sine
782 567 1069 616 admiratione
1115 570 1332 632 potuimus
1377 571 1617 632 suspicere.
1689 570 1932 635 Propterea
1966 571 2294 635 Theologorum
2339 570 2463 620 Ordo

186 658 380 705 unanimi
414 670 636 705 consensu
671 655 894 715 iudicavit,
929 661 1155 702 auctorem
1190 669 1281 702 non
1317 654 1457 702 solum
1485 658 1684 718 praemio
1714 670 1818 705 esse
1850 655 2111 716 ornandum,
2144 672 2301 706 verum
2330 659 2463 705 etiam

186 740 507 790 exhortandum
520 776 534 801 ,
582 747 629 788 ut
664 755 793 803 quam
830 742 1002 803 optimis
1037 742 1242 803 auspiciis
1277 741 1504 801 ingressus
1540 747 1609 789 est
1643 741 1771 789 studii
1806 741 2046 804 theologici
2081 743 2229 802 viam,
2273 756 2369 789 eam
2405 742 2463 789 ad

185 832 348 875 metam
382 840 523 889 usque
557 826 655 873 Deo
693 832 911 874 annuente
946 832 1129 873 strenue
1165 822 1497 887 persequatur.“

359 926 577 977 Schedula
612 927 784 977 reclusa
819 933 974 976 auctor
1008 925 1178 989 prodit:

849 1043 1149 1092 HENRICUS
1184 1044 1375 1092 IULIUS
1409 1044 1780 1092 HOLTZMANN
1791 1080 1805 1104 ,

1135 1127 1518 1176 GARLSRUHANUS.

362 1248 515 1311 „Ordo
551 1247 753 1297 ICtorum
788 1249 1104 1312 postulaverat,
1141 1255 1187 1294 ut
1222 1248 1535 1309 colligerentur
1570 1255 1614 1294 et
1649 1248 1977 1310 explicarentur
2008 1250 2253 1295 sententiae
2283 1247 2338 1293 de
2368 1250 2464 1295 iure

182 1333 448 1384 hereditario
486 1349 599 1396 quae
636 1336 681 1382 in
716 1334 897 1397 speculo
932 1341 1022 1381 tam
1056 1332 1298 1393 Saxonico,
1335 1350 1465 1396 quam
1501 1331 1696 1381 Suevico
1745 1335 2048 1393 continentur,
2096 1340 2141 1380 et
2188 1336 2464 1396 praesertim,

184 1420 405 1485 quomodo
442 1422 556 1467 inter
591 1434 642 1467 se
678 1422 946 1467 conveniant
981 1425 1056 1466 aut
1092 1418 1357 1482 discrepent,
1393 1418 1793 1468 demonstraretur:

358 1505 479 1552 Ordo
526 1502 729 1552 ICtorum
777 1504 915 1552 tribus
962 1503 1167 1551 exhibitis
1205 1503 1582 1552 dissertationibus
1616 1505 1806 1565 gaudet,
1853 1519 2036 1568 quarum
2072 1519 2183 1553 una
2217 1502 2368 1552 verbis
2403 1518 2464 1551 ex

184 1591 365 1655 speculo
402 1589 629 1639 Saxonico
665 1588 754 1636 Lib.
789 1588 822 1636 I.
860 1595 938 1636 art.
980 1589 1056 1636 19.
1095 1589 1333 1652 depromtis
1369 1590 1541 1650 signata
1576 1596 1667 1636 est:

466 1672 732 1737 „Suavesch
766 1673 891 1721 recht
925 1687 983 1721 ne
1018 1676 1153 1721 tueiet
1187 1673 1306 1721 nicht
1340 1688 1434 1722 von
1468 1673 1733 1723 sassischem
1768 1673 1937 1735 rechte,
1972 1688 2137 1722 wenne
2176 1688 2233 1722 an
2269 1688 2381 1723 erve
2416 1678 2462 1722 to

464 1774 657 1823 „nemen
692 1759 810 1806 unde
846 1758 971 1806 ordel
1006 1765 1051 1806 to
1087 1757 1375 1808 bescelden.“

182 1846 356 1893 Auctor
389 1849 618 1892 materiam
653 1846 768 1892 bene
806 1846 1030 1908 disposuit,
1067 1851 1111 1891 et
1146 1859 1196 1893 se
1231 1848 1277 1893 in
1312 1846 1500 1909 speculis
1535 1860 1625 1893 non
1660 1845 1775 1892 male
1812 1851 2040 1894 versatum
2074 1844 2296 1908 probavit,
2333 1860 2464 1894 com-

182 1932 309 1996 plura
344 1946 406 1977 ex
440 1930 612 1992 legibus
648 1930 946 1977 Barbarorum
976 1930 1033 1977 ad
1057 1930 1357 1979 illustrandam
1388 1944 1482 1978 rem
1511 1931 1686 1990 idonea,
1724 1936 1935 1993 excerpta
1967 1930 2158 1991 collegit,
2194 1944 2280 1978 nec
2307 1946 2463 1993 pauca,

183 2030 298 2080 quae
334 2016 388 2063 ab
424 2015 604 2063 eruditis
640 2017 749 2063 viris
787 2015 842 2062 de
877 2017 973 2062 iure
1009 2017 1189 2078 antiquo
1225 2016 1491 2064 hereditario
1529 2013 1791 2063 Germanico
1836 2016 1997 2076 scripta
2044 2021 2169 2073 sunt,
2217 2018 2462 2078 perspexit,

182 2102 229 2148 in
263 2107 356 2147 toto
394 2113 568 2162 quoque
604 2112 741 2162 opere
779 2099 1051 2146 conficiendo
1088 2099 1361 2147 sedulitatem
1399 2099 1752 2161 diligentiamque
1787 2101 1845 2146 ita
1880 2097 2107 2161 probavit,
2143 2106 2191 2146 ut
2226 2114 2317 2146 non
2352 2115 2463 2162 par-

183 2199 288 2234 vam
334 2184 509 2232 laudem
558 2185 781 2240 meruerit,
850 2182 1060 2230 Attamen
1106 2190 1258 2230 auctor
1305 2183 1488 2246 plurima
1526 2183 1667 2231 obiter
1701 2190 1864 2230 tantum
1900 2186 2129 2242 tractavit,
2177 2198 2269 2231 non
2305 2199 2462 2246 pauca,

183 2284 299 2333 quae
345 2271 618 2330 investigare
667 2266 879 2326 debebat,
926 2268 1055 2330 plane
1096 2269 1268 2326 omisit,
1314 2283 1399 2314 nec
1442 2270 1545 2315 satis
1581 2270 1627 2314 in
1662 2271 1727 2314 rei
1775 2267 2066 2314 difficultatem
2103 2275 2147 2314 et
2181 2268 2463 2316 subtilitatem

182 2356 445 2417 penetravit,
481 2353 565 2400 alia
602 2368 790 2415 quoque,
828 2367 941 2415 quae
977 2352 1132 2399 eruditi
1167 2354 1253 2400 viri
1289 2352 1343 2398 de
1378 2353 1451 2399 illo
1487 2353 1678 2400 themate
1714 2356 1800 2399 iam
1834 2353 2098 2411 disseruere,
2135 2353 2348 2400 adhibere
2374 2369 2461 2401 ne-

183 2439 337 2501 glexit.
410 2438 535 2495 Quae
573 2454 705 2501 quum
740 2440 797 2484 ita
835 2440 935 2497 sint,
970 2437 1085 2484 haud
1121 2440 1316 2501 praemio
1355 2437 1530 2499 dignum
1567 2439 1822 2501 opusculum
1859 2440 2031 2485 censeri
2066 2441 2218 2502 potuit.

357 2524 566 2572 Altera
602 2523 850 2571 dissertatio
887 2521 1155 2571 Senecae
1190 2523 1330 2571 verba
1365 2538 1471 2585 prae
1507 2539 1558 2571 se
1594 2524 1703 2570 fert:

467 2609 678 2672 „Multum
713 2624 976 2671 magnorum
1011 2611 1211 2657 virorum
1245 2608 1401 2656 iudicio
1440 2609 1601 2668 credo3
1638 2609 1796 2672 aliquid
1833 2616 1877 2657 et
1912 2609 2015 2657 mihi
2050 2608 2261 2658 vindico“
2307 2636 2362 2642 —

184 2701 229 2742 et
262 2699 450 2742 tertia
488 2696 736 2743 dissertatio
771 2696 1010 2741 Horatii
1047 2695 1207 2741 dictum
1244 2695 1391 2741 offert:

466 2780 624 2841 „More
659 2779 882 2841 modoque
917 2781 1011 2842 apis
1046 2777 1284 2827 Matinae.“

356 2863 558 2925 Uterque
593 2871 818 2911 auctorum
854 2879 948 2910 rem
983 2863 1204 2911 uberrime
1239 2864 1462 2921 tractavit,
1506 2877 1650 2924 neque
1693 2863 1835 2910 solum
1870 2865 1915 2908 in
1951 2863 2213 2924 colligendis
2250 2870 2295 2908 et
2329 2875 2457 2907 com-

183 2948 393 3011 parandis
440 2950 720 3012 speculorum
766 2949 900 3009 locis,
948 2955 993 2996 et
1037 2951 1083 2997 in
1127 2947 1417 3013 disquirendis
1466 2946 1737 2995 eruditorum
1772 2949 1973 2995 virorum
2009 2950 2237 2996 sententiis
2272 2944 2459 2994 studium

184 3047 316 3095 quam
350 3037 544 3081 maxime
579 3034 862 3093 laudandum,
897 3034 979 3083 sed
1015 3037 1146 3082 etiam
1179 3036 1403 3095 ingenium
1436 3033 1665 3096 probavit,
1700 3038 1745 3078 et
1779 3032 2062 3095 speculorum
2099 3032 2155 3079 de
2189 3035 2281 3077 iure
2316 3029 2457 3075 here-

182 3114 340 3166 ditario
378 3118 641 3167 differentias
676 3122 722 3166 in
756 3120 952 3182 plurimis
986 3121 1046 3166 ita
1080 3119 1337 3177 illustravit,
1384 3124 1429 3164 ut
1462 3132 1603 3180 pauca
1636 3123 1803 3163 tantum
1839 3116 2009 3177 desint,
2045 3130 2158 3180 quae
2190 3118 2235 3162 in
2269 3119 2459 3174 utraque
