2622 3303
1265 157 1333 204 20

150 345 394 389 assecutus.
466 339 552 396 Qui
586 346 822 402 postquam
855 341 1034 402 triginta
1069 340 1166 388 fere
1202 354 1343 387 annos
1378 342 1422 387 in
1456 341 1766 404 theologorum
1809 340 1927 405 apud
1960 355 2043 388 nos
2080 339 2234 388 ordine
2270 340 2433 402 docuit,

150 426 359 474 cathedra
394 425 552 472 abhinc
587 425 754 486 aliquot
789 428 914 473 annis
950 427 1121 484 relicta,
1155 428 1199 470 in
1234 427 1369 470 otium
1398 440 1449 471 se
1478 429 1660 488 recepit,
1695 426 1777 473 sed
1799 433 1888 472 tam
1913 433 2077 488 vegeta
2100 427 2243 474 adhuc
2267 432 2432 486 mente,

148 517 238 557 tam
272 508 522 557 indefessus
559 516 604 556 et
639 516 845 559 strenuus
882 512 1157 558 decretorum
1186 524 1365 556 suorum
1395 507 1623 568 defensor,
1658 515 1705 555 ut
1733 508 1804 555 hic
1840 524 1983 556 senex
2012 525 2094 556 suo
2125 525 2185 556 ex
2215 514 2304 557 otio
2332 511 2431 572 plus

147 596 316 659 negotii
349 594 494 642 multis
530 593 779 643 hominibus
815 610 943 658 quam
980 594 1221 641 acerrimus
1257 595 1442 655 quisque
1477 595 1550 643 vir
1584 596 1758 642 iuvenis
1805 594 2063 642 facesseret.
2134 593 2429 642 Diversorum

147 681 372 729 hominum
419 687 464 728 et
512 681 790 730 diversarum
834 686 1024 727 aetatum
1073 677 1202 742 (nam
1249 678 1398 741 plures
1446 694 1528 742 per
1575 687 1742 728 aetates
1779 687 1825 727 ut
1860 680 2120 729 Homericus
2156 681 2229 728 ille
2264 680 2431 730 Nestor

145 765 505 830 propugnavit),
553 767 685 828 plane
732 765 911 813 diversa
958 764 1117 812 iudicia
1165 771 1376 827 expertus
1421 771 1515 823 est;
1563 764 1643 812 sed
1692 765 1747 812 de
1782 768 1906 813 cuius
1943 766 2179 828 multiplice
2214 765 2428 825 doctrina,

146 854 313 915 ingenii
348 853 560 909 acumine,
596 849 822 898 indefesso
852 850 1098 913 inquirendi
1135 857 1179 896 et
1205 850 1507 912 cognoscendi
1543 850 1704 910 studio,
1740 853 1960 912 animique
1992 851 2201 911 candore,
2238 853 2311 913 qui
2337 866 2427 898 no-

145 944 306 984 verant
339 950 441 983 eum
477 949 632 983 omnes
669 939 955 983 consentiunt.
967 932 1016 964 ³²)

320 1020 410 1068 Sed
441 1036 466 1067 a
497 1023 836 1083 praeteritorum
866 1021 1079 1067 malorum
1109 1020 1417 1068 recordatione
1453 1022 1540 1066 iam
1574 1020 1701 1067 huius
1732 1019 1870 1066 horae
1899 1018 2140 1066 festivitate
2172 1034 2427 1065 recreamur

144 1113 276 1166 atque
313 1121 375 1152 ex
410 1109 621 1153 iuvenum
649 1105 895 1152 eruditione
922 1112 966 1152 et
995 1104 1205 1152 industria
1254 1107 1461 1166 praemiis
1501 1104 1798 1152 ornandorum
1828 1119 1955 1166 spem
1985 1106 2235 1166 capiamus,
2281 1118 2426 1164 neque

142 1190 282 1237 literis
318 1204 466 1251 neque
501 1193 774 1237 universitati
810 1197 990 1237 nostrae
1027 1190 1246 1253 praesidia
1283 1197 1326 1236 et
1362 1190 1526 1237 decora
1562 1204 1784 1251 nunquam
1822 1204 1924 1237 esse
1962 1188 2182 1235 defutura.

318 1276 393 1321 Ex
429 1275 756 1336 quaestionibus
793 1278 1012 1338 superiori
1062 1290 1178 1322 anno
1214 1291 1239 1321 a
1277 1283 1464 1337 quatuor
1498 1277 1798 1323 universitatis
1846 1274 2071 1322 ordinibus
2109 1273 2164 1320 ad
2200 1280 2425 1320 certamen
2470 1273 2473 1275 ’

141 1362 384 1407 literarium
417 1362 670 1423 propositis,
705 1359 835 1407 binae
871 1367 1035 1408 tantum
1072 1361 1368 1422 quaestiones,
1405 1360 1544 1407 altera
1581 1360 1745 1407 ordinis
1782 1360 2092 1421 theologorum
2129 1359 2268 1406 altera
2298 1361 2425 1405 iure-

140 1446 469 1505 consultorum,
517 1448 744 1507 agonistas
793 1461 899 1494 suos
946 1450 1222 1494 invenerunt.
1294 1445 1364 1492 De
1411 1447 1668 1509 quaestione
1703 1444 1953 1509 philosophi
1988 1443 2152 1491 ordinis
2189 1443 2425 1490 commilito

140 1532 299 1593 aliquis
337 1545 421 1593 per
454 1531 606 1578 literas
642 1532 820 1577 nomine
855 1546 937 1579 suo
973 1546 1063 1578 non
1099 1531 1246 1578 addito
1281 1531 1409 1578 nobis
1445 1531 1730 1593 significavit,
1766 1544 1817 1579 se
1853 1530 2263 1578 commentationem
2297 1528 2427 1577 huius

140 1617 411 1677 quaestionis
445 1615 710 1677 profligasse
745 1629 892 1678 neque
927 1630 1042 1664 vero
1077 1615 1308 1677 praefinito
1345 1617 1556 1678 temporis
1592 1617 1780 1662 termino
1815 1614 2030 1678 perficere
2061 1616 2275 1676 potuisse,
2313 1627 2427 1675 quae

138 1703 180 1748 si
216 1699 606 1762 comperendinato
643 1700 804 1748 iudicio
840 1703 886 1748 in
921 1703 1125 1763 proxime
1160 1706 1419 1761 sequentem
1456 1714 1617 1747 annum
1652 1702 1836 1763 repetita
1866 1702 1969 1747 vice
1998 1704 2338 1762 proponeretur,
2373 1712 2425 1746 se

137 1787 184 1833 in
219 1799 406 1833 arenam
442 1784 760 1833 descensurum
798 1800 927 1845 esse;
969 1786 1050 1835 sed
1085 1786 1300 1833 eiusmodi
1337 1766 1741 1848 comperendinatio
1781 1787 1825 1833 in
1859 1785 2219 1848 philosophorum
2255 1784 2427 1844 ordine,

139 1869 470 1934 quaestionibus
519 1883 580 1917 ex
628 1869 817 1920 diversis
867 1871 1103 1934 disciplinis
1152 1871 1397 1919 alternatim
1445 1870 1809 1931 succedentibus,
1855 1871 2001 1918 locum
2048 1871 2215 1919 habere
2262 1873 2423 1931 nequit.

139 1954 351 2002 Ordinum
388 1955 699 2016 theologorum
736 1962 781 2002 et
814 1957 1211 2005 iureconsultorum
1247 1956 1358 2003 haec
1393 1964 1492 2004 sunt
1522 1957 1578 2003 de
1608 1956 1915 2019 scriptionibus
1945 1957 2286 2003 commilitonum
2316 1971 2424 2002 cer-

137 2043 318 2088 tantium
353 2041 524 2088 iudicia.

314 2126 625 2174 Postulaverat
661 2126 770 2173 ordo
807 2127 1134 2186 theologorum,
1171 2133 1216 2171 ut
1253 2126 1577 2172 describeretur
1611 2141 1722 2171 vera
1751 2126 1921 2172 indoles
1953 2128 2271 2172 communionis
2308 2139 2421 2187 quae

139 2212 296 2258 dicitur
330 2210 547 2257 bonorum
584 2213 627 2255 in
664 2211 851 2257 ecclesia
889 2211 1302 2272 Hierosolymitana.

314 2294 445 2354 „Una
482 2301 650 2340 tantum
687 2294 837 2341 Ordini
874 2296 1016 2342 oblata
1053 2302 1120 2342 est
1155 2297 1491 2354 commentatio,
1541 2293 1712 2342 Calvini
1750 2294 1901 2342 verbis
1937 2297 2169 2356 inscripta:
2224 2296 2420 2356 „„p0'st-

140 2394 270 2440 quam
307 2377 481 2425 Christo
518 2381 608 2425 nati
643 2394 809 2436 sumuS,
847 2380 1054 2426 debemus
1091 2379 1376 2437 adolescere,
1421 2382 1478 2426 ita
1512 2386 1559 2426 ut
1593 2394 1682 2427 non
1718 2382 1853 2427 simus
1890 2380 2172 2442 intelligentia
2209 2377 2414 2442 pueri.““

137 2464 261 2510 Haec
297 2470 443 2509 tamen
479 2465 788 2509 commentatio
825 2465 883 2509 ita
920 2471 986 2510 est
1022 2471 1287 2527 comparata,
1325 2470 1370 2509 ut
1406 2463 1460 2509 de
1498 2466 1592 2512 eius
1627 2467 1895 2527 praestantia
1927 2464 2132 2512 dubitatio
2163 2480 2252 2512 non
2281 2467 2421 2529 possit

137 2551 323 2596 moveri.
396 2548 569 2595 Auctor
605 2549 803 2612 opusculi
841 2551 1140 2612 quaestionem
1177 2549 1231 2596 ab
1270 2548 1436 2596 Ordine
1466 2552 1737 2613 propositam
1763 2550 1878 2598 bene
1909 2550 2137 2610 intellexit,
2173 2550 2229 2598 ad
2258 2553 2419 2611 singu-

136 2634 203 2681 las
239 2637 334 2682 eius
370 2641 520 2696 partes
556 2636 615 2680 ita
650 2634 904 2697 respondit,
952 2641 999 2680 ut
1033 2649 1199 2682 summa
1236 2650 1413 2694 eorum,
1462 2650 1575 2698 quae
1617 2636 1819 2699 protulit,
1866 2635 2044 2699 probari
2079 2637 2245 2699 possit,
2296 2642 2339 2682 et
2374 2637 2419 2682 in

137 2720 431 2782 explicatione
479 2735 558 2768 sua
607 2736 712 2768 usus
761 2728 828 2768 est
875 2719 1049 2767 dicendi
1095 2736 1263 2782 genere
1300 2723 1382 2768 etsi
1418 2736 1507 2768 non
1543 2736 1718 2784 semper
1766 2723 1957 2783 eleganti
1994 2729 2038 2768 et
2073 2725 2178 2770 satis
2214 2721 2418 2780 rotundo,

136 2811 286 2849 tamen
322 2811 421 2866 apto
458 2811 503 2851 et
538 2805 743 2864 dilucido,
777 2805 1000 2853 nonnullis
1036 2807 1080 2851 in
1113 2806 1221 2853 locis
1259 2808 1390 2852 etiam
1427 2808 1640 2853 concinna
1675 2809 1897 2868 gravitate
1932 2808 2105 2868 insigni.
2158 2805 2206 2852 Id
2243 2805 2418 2867 quidem

135 2889 311 2936 silentio
346 2904 436 2956 non
471 2890 760 2952 premendum
797 2904 1059 2948 censemus,
1096 2897 1321 2938 auctorem
1356 2905 1444 2938 non
1480 2891 1668 2952 ubique,
1705 2894 1764 2938 uti
1798 2907 1879 2954 par
1914 2898 2008 2951 est,
2051 2891 2280 2938 brevitatis
2316 2896 2417 2936 stu-

136 2972 324 3031 diosum,
360 2972 442 3019 sed
476 2976 590 3021 iusto
628 2976 922 3038 copiosiorem
959 2973 1113 3034 fuisse,
1148 2989 1337 3037 eumque
1367 2990 1525 3035 novas,
1561 2990 1670 3039 quas
1701 2978 1989 3037 excogitavit,
2026 2975 2265 3023 sententias
2294 2987 2415 3021 non-

134 3071 368 3119 numquam
415 3059 628 3120 speciosis
675 3063 817 3121 magis
867 3075 996 3121 quam
1046 3061 1258 3108 eiusmodi
1305 3060 1558 3109 defendisse
1604 3063 1874 3123 argumentis
1888 3096 1902 3120 ,
1948 3075 2062 3123 quae
2098 3059 2291 3106 convelli
2327 3073 2415 3105 ne-

135 3149 308 3200 queant.
380 3142 591 3189 Attamen
626 3158 736 3203 nos,
781 3145 854 3192 ubi
890 3151 1056 3191 tantum
1093 3159 1181 3192 non
1217 3148 1362 3193 omnia
1398 3149 1560 3205 nitent,
1606 3161 1696 3194 non
1733 3149 1885 3209 paucis
1922 3144 2183 3192 offendimur
2217 3143 2410 3191 maculis.
