<?xml version="1.0" encoding="UTF-8"?>
<!DOCTYPE html PUBLIC "-//W3C//DTD XHTML 1.0 Transitional//EN"
    "http://www.w3.org/TR/xhtml1/DTD/xhtml1-transitional.dtd">
<html xmlns="http://www.w3.org/1999/xhtml" xml:lang="en" lang="en">
 <head>
  <title>
</title>
<meta http-equiv="Content-Type" content="text/html;charset=utf-8" />
  <meta name='ocr-system' content='tesseract 3.04.00' />
  <meta name='ocr-capabilities' content='ocr_page ocr_carea ocr_par ocr_line ocrx_word'/>
</head>
<body>
  <div class='ocr_page' id='page_1' title='image "4767259_0025.png"; bbox 0 0 2588 3265; ppageno 0'>
   <div class='ocr_carea' id='block_1_1' title="bbox 1309 122 1373 171">
    <p class='ocr_par' dir='ltr' id='par_1_1' title="bbox 1309 122 1373 171">
     <span class='ocr_line' id='line_1_1' title="bbox 1309 122 1373 171; baseline -0.016 0"><span class='ocrx_word' id='word_1_1' title='bbox 1309 122 1373 171; x_wconf 76' lang='lat'><strong>19</strong></span> 
     </span>
    </p>
   </div>
   <div class='ocr_carea' id='block_1_2' title="bbox 189 301 2475 3189">
    <p class='ocr_par' dir='ltr' id='par_1_2' title="bbox 197 301 2475 708">
     <span class='ocr_line' id='line_1_2' title="bbox 198 301 2475 367; baseline 0.002 -14"><span class='ocrx_word' id='word_1_2' title='bbox 198 303 442 354; x_wconf 78' lang='lat' dir='ltr'><strong>ostenderit</strong></span> <span class='ocrx_word' id='word_1_3' title='bbox 474 302 606 366; x_wconf 86' lang='lat' dir='ltr'><strong>(nam</strong></span> <span class='ocrx_word' id='word_1_4' title='bbox 639 307 785 352; x_wconf 77' lang='lat' dir='ltr'><strong>virum</strong></span> <span class='ocrx_word' id='word_1_5' title='bbox 821 303 879 350; x_wconf 89' lang='lat' dir='ltr'><strong>de</strong></span> <span class='ocrx_word' id='word_1_6' title='bbox 915 303 1115 352; x_wconf 73' lang='lat' dir='ltr'><strong>doctrina</strong></span> <span class='ocrx_word' id='word_1_7' title='bbox 1148 301 1452 367; x_wconf 83' lang='lat' dir='ltr'><strong>promovenda</strong></span> <span class='ocrx_word' id='word_1_8' title='bbox 1488 309 1534 353; x_wconf 81' lang='lat' dir='ltr'><strong>et</strong></span> <span class='ocrx_word' id='word_1_9' title='bbox 1569 301 1628 352; x_wconf 88' lang='lat' dir='ltr'><strong>de</strong></span> <span class='ocrx_word' id='word_1_10' title='bbox 1654 310 1804 351; x_wconf 89' lang='lat' dir='ltr'><strong>nostra</strong></span> <span class='ocrx_word' id='word_1_11' title='bbox 1833 307 2120 354; x_wconf 71' lang='lat' dir='ltr'><strong>universitate</strong></span> <span class='ocrx_word' id='word_1_12' title='bbox 2148 307 2475 357; x_wconf 79' lang='lat' dir='ltr'><strong>meritissimum</strong></span> 
     </span>
     <span class='ocr_line' id='line_1_3' title="bbox 197 387 2473 455; baseline 0 -15"><span class='ocrx_word' id='word_1_13' title='bbox 197 389 440 453; x_wconf 77' lang='lat' dir='ltr'>insignibus</span> <span class='ocrx_word' id='word_1_14' title='bbox 473 388 637 437; x_wconf 80' lang='lat' dir='ltr'><strong>Leonis</strong></span> <span class='ocrx_word' id='word_1_15' title='bbox 670 388 892 451; x_wconf 84' lang='lat' dir='ltr'><strong>Zaringici</strong></span> <span class='ocrx_word' id='word_1_16' title='bbox 921 387 1197 450; x_wconf 74' lang='lat' dir='ltr'><strong>equestribus</strong></span> <span class='ocrx_word' id='word_1_17' title='bbox 1227 387 1543 438; x_wconf 80' lang='lat' dir='ltr'>condecoravit</span> <span class='ocrx_word' id='word_1_18' title='bbox 1570 394 1855 451; x_wconf 76' lang='lat' dir='ltr'><strong>sumptusque</strong></span> <span class='ocrx_word' id='word_1_19' title='bbox 1881 389 1936 439; x_wconf 90' lang='lat' dir='ltr'><strong>ad</strong></span> <span class='ocrx_word' id='word_1_20' title='bbox 1963 397 2104 440; x_wconf 86' lang='lat' dir='ltr'><strong>totum</strong></span> <span class='ocrx_word' id='word_1_21' title='bbox 2132 391 2219 440; x_wconf 91' lang='lat' dir='ltr'><strong>boc</strong></span> <span class='ocrx_word' id='word_1_22' title='bbox 2247 396 2473 455; x_wconf 81' lang='lat' dir='ltr'><strong>negotium</strong></span> 
     </span>
     <span class='ocr_line' id='line_1_4' title="bbox 198 472 2469 538; baseline 0.001 -13"><span class='ocrx_word' id='word_1_23' title='bbox 198 474 515 525; x_wconf 71' lang='lat' dir='ltr'><strong>conficiendum</strong></span> <span class='ocrx_word' id='word_1_24' title='bbox 549 476 829 524; x_wconf 86' lang='lat' dir='ltr'><strong>necessarios</strong></span> <span class='ocrx_word' id='word_1_25' title='bbox 865 489 927 523; x_wconf 84' lang='lat' dir='ltr'><strong>ex</strong></span> <span class='ocrx_word' id='word_1_26' title='bbox 962 476 1136 524; x_wconf 75' lang='lat' dir='ltr'><strong>aerario</strong></span> <span class='ocrx_word' id='word_1_27' title='bbox 1171 472 1345 538; x_wconf 83' lang='lat' dir='ltr'><strong>publico</strong></span> <span class='ocrx_word' id='word_1_28' title='bbox 1379 474 1646 537; x_wconf 85' lang='lat' dir='ltr'><strong>suppeditari</strong></span> <span class='ocrx_word' id='word_1_29' title='bbox 1680 473 1833 536; x_wconf 87' lang='lat' dir='ltr'><strong>iussit)</strong></span> <span class='ocrx_word' id='word_1_30' title='bbox 1869 484 1913 523; x_wconf 85' lang='lat' dir='ltr'><strong>et</strong></span> <span class='ocrx_word' id='word_1_31' title='bbox 1947 479 2049 538; x_wconf 80' lang='lat' dir='ltr'><strong>quia</strong></span> <span class='ocrx_word' id='word_1_32' title='bbox 2082 482 2262 526; x_wconf 91' lang='lat' dir='ltr'><strong>omnino</strong></span> <span class='ocrx_word' id='word_1_33' title='bbox 2298 493 2469 527; x_wconf 86' lang='lat' dir='ltr'><strong>annuos</strong></span> 
     </span>
     <span class='ocr_line' id='line_1_5' title="bbox 197 542 2471 625; baseline 0.001 -16"><span class='ocrx_word' id='word_1_34' title='bbox 197 562 499 609; x_wconf 86' lang='lat' dir='ltr'><strong>universitatis</strong></span> <span class='ocrx_word' id='word_1_35' title='bbox 534 559 702 608; x_wconf 90' lang='lat' dir='ltr'><strong>reditus</strong></span> <span class='ocrx_word' id='word_1_36' title='bbox 736 574 798 607; x_wconf 81' lang='lat' dir='ltr'><strong>ex</strong></span> <span class='ocrx_word' id='word_1_37' title='bbox 833 561 1008 608; x_wconf 85' lang='lat' dir='ltr'><strong>aerario</strong></span> <span class='ocrx_word' id='word_1_38' title='bbox 1042 558 1246 624; x_wconf 81' lang='lat' dir='ltr'><strong>publico,</strong></span> <span class='ocrx_word' id='word_1_39' title='bbox 1280 557 1623 610; x_wconf 74' lang='lat' dir='ltr'><strong>adsentientibus</strong></span> <span class='ocrx_word' id='word_1_40' title='bbox 1658 558 1839 609; x_wconf 77' lang='lat' dir='ltr'><strong>ducatus</strong></span> <span class='ocrx_word' id='word_1_41' title='bbox 1874 564 2024 622; x_wconf 81' lang='lat' dir='ltr'><strong>magni</strong></span> <span class='ocrx_word' id='word_1_42' title='bbox 2057 561 2261 623; x_wconf 82' lang='lat' dir='ltr'><strong>statibus,</strong></span> <span class='ocrx_word' id='word_1_43' title='bbox 2296 542 2471 625; x_wconf 83' lang='lat' dir='ltr'><strong>augere</strong></span> 
     </span>
     <span class='ocr_line' id='line_1_6' title="bbox 198 646 502 708; baseline 0 -15"><span class='ocrx_word' id='word_1_44' title='bbox 198 646 399 708; x_wconf 87' lang='lat' dir='ltr'><strong>dignatus</strong></span> <span class='ocrx_word' id='word_1_45' title='bbox 435 647 502 694; x_wconf 89' lang='lat' dir='ltr'><strong>sit.</strong></span> 
     </span>
    </p>

    <p class='ocr_par' dir='ltr' id='par_1_3' title="bbox 196 728 2469 1047">
     <span class='ocr_line' id='line_1_7' title="bbox 368 728 2468 792; baseline 0.002 -14"><span class='ocrx_word' id='word_1_46' title='bbox 368 729 633 779; x_wconf 83' lang='lat' dir='ltr'><strong>Auditorum</strong></span> <span class='ocrx_word' id='word_1_47' title='bbox 679 737 934 779; x_wconf 90' lang='lat' dir='ltr'><strong>nostrorum</strong></span> <span class='ocrx_word' id='word_1_48' title='bbox 978 744 1164 779; x_wconf 88' lang='lat' dir='ltr'><strong>numero</strong></span> <span class='ocrx_word' id='word_1_49' title='bbox 1211 730 1451 777; x_wconf 86' lang='lat' dir='ltr'><strong>novissima</strong></span> <span class='ocrx_word' id='word_1_50' title='bbox 1497 728 1582 777; x_wconf 87' lang='lat' dir='ltr'><strong>duo</strong></span> <span class='ocrx_word' id='word_1_51' title='bbox 1630 737 1827 792; x_wconf 85' lang='lat' dir='ltr'><strong>tempora</strong></span> <span class='ocrx_word' id='word_1_52' title='bbox 1872 733 2104 778; x_wconf 88' lang='lat' dir='ltr'><strong>semestria</strong></span> <span class='ocrx_word' id='word_1_53' title='bbox 2149 735 2468 782; x_wconf 88' lang='lat' dir='ltr'><strong>incrementum</strong></span> 
     </span>
     <span class='ocr_line' id='line_1_8' title="bbox 196 813 2469 879; baseline 0 -17"><span class='ocrx_word' id='word_1_54' title='bbox 196 814 460 874; x_wconf 84' lang='lat' dir='ltr'><strong>attulerunt,</strong></span> <span class='ocrx_word' id='word_1_55' title='bbox 506 821 553 862; x_wconf 89' lang='lat' dir='ltr'><strong>ut</strong></span> <span class='ocrx_word' id='word_1_56' title='bbox 586 814 715 863; x_wconf 88' lang='lat' dir='ltr'><strong>brevi</strong></span> <span class='ocrx_word' id='word_1_57' title='bbox 750 822 946 877; x_wconf 87' lang='lat' dir='ltr'><strong>tempore</strong></span> <span class='ocrx_word' id='word_1_58' title='bbox 980 830 1064 863; x_wconf 88' lang='lat' dir='ltr'><strong>nos</strong></span> <span class='ocrx_word' id='word_1_59' title='bbox 1100 813 1156 861; x_wconf 89' lang='lat' dir='ltr'><strong>ad</strong></span> <span class='ocrx_word' id='word_1_60' title='bbox 1190 815 1416 876; x_wconf 74' lang='lat' dir='ltr'><strong>pristinam</strong></span> <span class='ocrx_word' id='word_1_61' title='bbox 1452 822 1554 860; x_wconf 88' lang='lat' dir='ltr'><strong>ante</strong></span> <span class='ocrx_word' id='word_1_62' title='bbox 1589 816 1744 861; x_wconf 87' lang='lat' dir='ltr'><strong>civiles</strong></span> <span class='ocrx_word' id='word_1_63' title='bbox 1777 823 1955 863; x_wconf 83' lang='lat' dir='ltr'><strong>&#39;nostras</strong></span> <span class='ocrx_word' id='word_1_64' title='bbox 1990 816 2141 863; x_wconf 81' lang='lat' dir='ltr'><strong>turbas</strong></span> <span class='ocrx_word' id='word_1_65' title='bbox 2174 816 2469 879; x_wconf 83' lang='lat' dir='ltr'><strong>frequentiam</strong></span> 
     </span>
     <span class='ocr_line' id='line_1_9' title="bbox 196 897 2468 962; baseline 0.001 -15"><span class='ocrx_word' id='word_1_66' title='bbox 196 898 414 948; x_wconf 83' lang='lat' dir='ltr'><strong>redituros</strong></span> <span class='ocrx_word' id='word_1_67' title='bbox 450 913 552 947; x_wconf 89' lang='lat' dir='ltr'><strong>esse</strong></span> <span class='ocrx_word' id='word_1_68' title='bbox 587 906 707 947; x_wconf 88' lang='lat' dir='ltr'><strong>certa</strong></span> <span class='ocrx_word' id='word_1_69' title='bbox 742 915 822 962; x_wconf 91' lang='lat' dir='ltr'><strong>spe</strong></span> <span class='ocrx_word' id='word_1_70' title='bbox 857 914 1137 962; x_wconf 90' lang='lat' dir='ltr'><strong>auguremur.</strong></span> <span class='ocrx_word' id='word_1_71' title='bbox 1189 897 1345 962; x_wconf 86' lang='lat' dir='ltr'><strong>Neque</strong></span> <span class='ocrx_word' id='word_1_72' title='bbox 1374 902 1514 947; x_wconf 89' lang='lat' dir='ltr'><strong>minus</strong></span> <span class='ocrx_word' id='word_1_73' title='bbox 1546 903 1802 947; x_wconf 88' lang='lat' dir='ltr'><strong>universum</strong></span> <span class='ocrx_word' id='word_1_74' title='bbox 1838 916 1985 947; x_wconf 90' lang='lat' dir='ltr'><strong>rerum</strong></span> <span class='ocrx_word' id='word_1_75' title='bbox 2021 908 2271 950; x_wconf 87' lang='lat' dir='ltr'><strong>nostrarum</strong></span> <span class='ocrx_word' id='word_1_76' title='bbox 2307 909 2468 950; x_wconf 88' lang='lat' dir='ltr'><strong>statum</strong></span> 
     </span>
     <span class='ocr_line' id='line_1_10' title="bbox 196 983 2464 1047; baseline 0.002 -17"><span class='ocrx_word' id='word_1_77' title='bbox 196 983 574 1032; x_wconf 82' lang='lat' dir='ltr'><strong>considerantibus</strong></span> <span class='ocrx_word' id='word_1_78' title='bbox 593 985 881 1047; x_wconf 87' lang='lat' dir='ltr'><strong>tranquillitas</strong></span> <span class='ocrx_word' id='word_1_79' title='bbox 899 987 1066 1034; x_wconf 85' lang='lat' dir='ltr'><strong>civium</strong></span> <span class='ocrx_word' id='word_1_80' title='bbox 1081 984 1435 1033; x_wconf 82' lang='lat' dir='ltr'><strong>academicorum</strong></span> <span class='ocrx_word' id='word_1_81' title='bbox 1453 991 1497 1032; x_wconf 91' lang='lat' dir='ltr'><strong>et</strong></span> <span class='ocrx_word' id='word_1_82' title='bbox 1513 985 1661 1045; x_wconf 88' lang='lat' dir='ltr'><strong>legum</strong></span> <span class='ocrx_word' id='word_1_83' title='bbox 1682 984 1963 1033; x_wconf 88' lang='lat' dir='ltr'><strong>observantia</strong></span> <span class='ocrx_word' id='word_1_84' title='bbox 1980 984 2210 1033; x_wconf 83' lang='lat' dir='ltr'><strong>laudabilis</strong></span> <span class='ocrx_word' id='word_1_85' title='bbox 2234 987 2464 1034; x_wconf 87' lang='lat' dir='ltr'><strong>videbitur.</strong></span> 
     </span>
    </p>

    <p class='ocr_par' dir='ltr' id='par_1_4' title="bbox 189 1068 2466 3017">
     <span class='ocr_line' id='line_1_11' title="bbox 368 1068 2465 1130; baseline 0.002 -14"><span class='ocrx_word' id='word_1_86' title='bbox 368 1069 457 1116; x_wconf 88' lang='lat' dir='ltr'><strong>Sed</strong></span> <span class='ocrx_word' id='word_1_87' title='bbox 493 1075 539 1116; x_wconf 89' lang='lat' dir='ltr'><strong>ut</strong></span> <span class='ocrx_word' id='word_1_88' title='bbox 573 1083 719 1117; x_wconf 89' lang='lat' dir='ltr'><strong>rerum</strong></span> <span class='ocrx_word' id='word_1_89' title='bbox 755 1069 1042 1119; x_wconf 87' lang='lat' dir='ltr'><strong>humanarum</strong></span> <span class='ocrx_word' id='word_1_90' title='bbox 1075 1068 1400 1119; x_wconf 80' lang='lat' dir='ltr'><strong>vicissitudines</strong></span> <span class='ocrx_word' id='word_1_91' title='bbox 1431 1068 1590 1117; x_wconf 82' lang='lat' dir='ltr'><strong>afferre</strong></span> <span class='ocrx_word' id='word_1_92' title='bbox 1618 1069 1763 1117; x_wconf 88' lang='lat' dir='ltr'><strong>solent</strong></span> <span class='ocrx_word' id='word_1_93' title='bbox 1791 1070 1922 1129; x_wconf 69' lang='lat' dir='ltr'><strong>laeta,</strong></span> <span class='ocrx_word' id='word_1_94' title='bbox 1957 1073 2127 1130; x_wconf 83' lang='lat' dir='ltr'><strong>trestia‚</strong></span> <span class='ocrx_word' id='word_1_95' title='bbox 2163 1070 2281 1119; x_wconf 86' lang='lat' dir='ltr'><strong>idem</strong></span> <span class='ocrx_word' id='word_1_96' title='bbox 2308 1080 2353 1119; x_wconf 87' lang='lat' dir='ltr'><strong>et</strong></span> <span class='ocrx_word' id='word_1_97' title='bbox 2381 1088 2465 1121; x_wconf 89' lang='lat' dir='ltr'><strong>nos</strong></span> 
     </span>
     <span class='ocr_line' id='line_1_12' title="bbox 194 1154 2465 1219; baseline 0.003 -19"><span class='ocrx_word' id='word_1_98' title='bbox 194 1157 367 1217; x_wconf 86' lang='lat' dir='ltr'><strong>experti</strong></span> <span class='ocrx_word' id='word_1_99' title='bbox 402 1170 565 1203; x_wconf 82' lang='lat' dir='ltr'><strong>sumus,</strong></span> <span class='ocrx_word' id='word_1_100' title='bbox 636 1155 771 1203; x_wconf 87' lang='lat' dir='ltr'><strong>Anno</strong></span> <span class='ocrx_word' id='word_1_101' title='bbox 808 1157 1013 1219; x_wconf 81' lang='lat' dir='ltr'><strong>proxime</strong></span> <span class='ocrx_word' id='word_1_102' title='bbox 1046 1157 1284 1218; x_wconf 87' lang='lat' dir='ltr'><strong>praeterito</strong></span> <span class='ocrx_word' id='word_1_103' title='bbox 1320 1171 1455 1202; x_wconf 92' lang='lat' dir='ltr'><strong>unum</strong></span> <span class='ocrx_word' id='word_1_104' title='bbox 1491 1169 1518 1201; x_wconf 93' lang='lat' dir='ltr'><strong>e</strong></span> <span class='ocrx_word' id='word_1_105' title='bbox 1554 1154 1786 1202; x_wconf 87' lang='lat' dir='ltr'><strong>decoribus</strong></span> <span class='ocrx_word' id='word_1_106' title='bbox 1822 1164 1866 1201; x_wconf 84' lang='lat' dir='ltr'><strong>et</strong></span> <span class='ocrx_word' id='word_1_107' title='bbox 1899 1156 2133 1203; x_wconf 88' lang='lat' dir='ltr'><strong>luminibus</strong></span> <span class='ocrx_word' id='word_1_108' title='bbox 2169 1159 2465 1207; x_wconf 86' lang='lat' dir='ltr'><strong>universitatis</strong></span> 
     </span>
     <span class='ocr_line' id='line_1_13' title="bbox 192 1239 2464 1303; baseline 0.001 -16"><span class='ocrx_word' id='word_1_109' title='bbox 192 1245 372 1287; x_wconf 87' lang='lat' dir='ltr'><strong>nostrae</strong></span> <span class='ocrx_word' id='word_1_110' title='bbox 401 1242 639 1300; x_wconf 81' lang='lat' dir='ltr'><strong>amisimus,</strong></span> <span class='ocrx_word' id='word_1_111' title='bbox 675 1241 895 1303; x_wconf 87' lang='lat' dir='ltr'><strong>collegam</strong></span> <span class='ocrx_word' id='word_1_112' title='bbox 923 1239 1257 1290; x_wconf 91' lang='lat' dir='ltr'><strong>celeberrimum</strong></span> <span class='ocrx_word' id='word_1_113' title='bbox 1293 1248 1339 1287; x_wconf 88' lang='lat' dir='ltr'><strong>et</strong></span> <span class='ocrx_word' id='word_1_114' title='bbox 1374 1239 1575 1288; x_wconf 85' lang='lat' dir='ltr'><strong>omnibus</strong></span> <span class='ocrx_word' id='word_1_115' title='bbox 1606 1243 1891 1299; x_wconf 75' lang='lat' dir='ltr'><strong>carissimum,</strong></span> <span class='ocrx_word' id='word_1_116' title='bbox 1926 1241 2317 1290; x_wconf 80' lang='lat' dir='ltr'>FRANCISCUM</span> <span class='ocrx_word' id='word_1_117' title='bbox 2352 1243 2464 1290; x_wconf 89' lang='lat' dir='ltr'><strong>CA-</strong></span> 
     </span>
     <span class='ocr_line' id='line_1_14' title="bbox 192 1324 2466 1389; baseline 0.001 -17"><span class='ocrx_word' id='word_1_118' title='bbox 192 1324 399 1373; x_wconf 87' lang='lat' dir='ltr'>ROLUM</span> <span class='ocrx_word' id='word_1_119' title='bbox 434 1324 733 1386; x_wconf 79' lang='lat' dir='ltr'>NAEGELE,</span> <span class='ocrx_word' id='word_1_120' title='bbox 768 1341 914 1387; x_wconf 90' lang='lat' dir='ltr'><strong>neque</strong></span> <span class='ocrx_word' id='word_1_121' title='bbox 946 1327 1068 1375; x_wconf 89' lang='lat' dir='ltr'><strong>illum</strong></span> <span class='ocrx_word' id='word_1_122' title='bbox 1098 1327 1272 1387; x_wconf 85' lang='lat' dir='ltr'><strong>quidem</strong></span> <span class='ocrx_word' id='word_1_123' title='bbox 1301 1329 1346 1373; x_wconf 92' lang='lat' dir='ltr'><strong>in</strong></span> <span class='ocrx_word' id='word_1_124' title='bbox 1378 1329 1513 1373; x_wconf 88' lang='lat' dir='ltr'><strong>otium</strong></span> <span class='ocrx_word' id='word_1_125' title='bbox 1542 1341 1593 1373; x_wconf 93' lang='lat' dir='ltr'><strong>se</strong></span> <span class='ocrx_word' id='word_1_126' title='bbox 1622 1334 1829 1387; x_wconf 89' lang='lat' dir='ltr'><strong>tanquam</strong></span> <span class='ocrx_word' id='word_1_127' title='bbox 1863 1330 1908 1375; x_wconf 91' lang='lat' dir='ltr'><strong>in</strong></span> <span class='ocrx_word' id='word_1_128' title='bbox 1936 1334 2110 1389; x_wconf 86' lang='lat' dir='ltr'><strong>portum</strong></span> <span class='ocrx_word' id='word_1_129' title='bbox 2140 1334 2303 1375; x_wconf 82' lang='lat' dir='ltr'><strong>exacto</strong></span> <span class='ocrx_word' id='word_1_130' title='bbox 2333 1344 2466 1377; x_wconf 88' lang='lat' dir='ltr'><strong>cursu</strong></span> 
     </span>
     <span class='ocr_line' id='line_1_15' title="bbox 190 1410 2465 1477; baseline 0.003 -20"><span class='ocrx_word' id='word_1_131' title='bbox 190 1412 475 1474; x_wconf 84' lang='lat' dir='ltr'><strong>recipientem</strong></span> <span class='ocrx_word' id='word_1_132' title='bbox 488 1446 503 1470; x_wconf 77' lang='lat'>‚</span> <span class='ocrx_word' id='word_1_133' title='bbox 549 1411 629 1459; x_wconf 88' lang='lat' dir='ltr'><strong>sed</strong></span> <span class='ocrx_word' id='word_1_134' title='bbox 677 1426 737 1458; x_wconf 87' lang='lat' dir='ltr'><strong>ex</strong></span> <span class='ocrx_word' id='word_1_135' title='bbox 782 1413 879 1475; x_wconf 88' lang='lat' dir='ltr'><strong>ipso</strong></span> <span class='ocrx_word' id='word_1_136' title='bbox 926 1410 1188 1477; x_wconf 84' lang='lat' dir='ltr'><strong>professorii</strong></span> <span class='ocrx_word' id='word_1_137' title='bbox 1233 1414 1429 1461; x_wconf 88' lang='lat' dir='ltr'><strong>muneris.</strong></span> <span class='ocrx_word' id='word_1_138' title='bbox 1473 1413 1691 1460; x_wconf 90' lang='lat' dir='ltr'><strong>curriculo</strong></span> <span class='ocrx_word' id='word_1_139' title='bbox 1725 1412 1838 1476; x_wconf 88' lang='lat' dir='ltr'><strong>proh</strong></span> <span class='ocrx_word' id='word_1_140' title='bbox 1874 1412 2026 1461; x_wconf 84' lang='lat' dir='ltr'><strong>dolor!</strong></span> <span class='ocrx_word' id='word_1_141' title='bbox 2072 1413 2201 1463; x_wconf 86' lang='lat' dir='ltr'><strong>nobis</strong></span> <span class='ocrx_word' id='word_1_142' title='bbox 2234 1416 2465 1463; x_wconf 84' lang='lat' dir='ltr'><strong>immatura</strong></span> 
     </span>
     <span class='ocr_line' id='line_1_16' title="bbox 190 1497 2465 1563; baseline 0.002 -20"><span class='ocrx_word' id='word_1_143' title='bbox 190 1502 333 1543; x_wconf 90' lang='lat' dir='ltr'><strong>morte</strong></span> <span class='ocrx_word' id='word_1_144' title='bbox 368 1504 579 1563; x_wconf 79' lang='lat' dir='ltr'><strong>ereptum.</strong></span> <span class='ocrx_word' id='word_1_145' title='bbox 649 1497 773 1545; x_wconf 90' lang='lat' dir='ltr'><strong>Vere</strong></span> <span class='ocrx_word' id='word_1_146' title='bbox 807 1500 925 1546; x_wconf 90' lang='lat' dir='ltr'><strong>enim</strong></span> <span class='ocrx_word' id='word_1_147' title='bbox 958 1499 1232 1546; x_wconf 85' lang='lat' dir='ltr'><strong>immaturam</strong></span> <span class='ocrx_word' id='word_1_148' title='bbox 1261 1504 1307 1543; x_wconf 89' lang='lat' dir='ltr'><strong>et</strong></span> <span class='ocrx_word' id='word_1_149' title='bbox 1332 1498 1579 1546; x_wconf 84' lang='lat' dir='ltr'><strong>luctuosam</strong></span> <span class='ocrx_word' id='word_1_150' title='bbox 1612 1504 1799 1545; x_wconf 86' lang='lat' dir='ltr'><strong>mortem</strong></span> <span class='ocrx_word' id='word_1_151' title='bbox 1827 1500 2023 1560; x_wconf 85' lang='lat' dir='ltr'><strong>primarii</strong></span> <span class='ocrx_word' id='word_1_152' title='bbox 2051 1499 2098 1547; x_wconf 80' lang='lat' dir='ltr'><strong>in</strong></span> <span class='ocrx_word' id='word_1_153' title='bbox 2126 1506 2222 1547; x_wconf 86' lang='lat' dir='ltr'><strong>arte</strong></span> <span class='ocrx_word' id='word_1_154' title='bbox 2250 1515 2333 1548; x_wconf 86' lang='lat' dir='ltr'><strong>sua</strong></span> <span class='ocrx_word' id='word_1_155' title='bbox 2362 1501 2465 1559; x_wconf 78' lang='lat' dir='ltr'><strong>viri,</strong></span> 
     </span>
     <span class='ocr_line' id='line_1_17' title="bbox 191 1581 2461 1648; baseline 0.001 -20"><span class='ocrx_word' id='word_1_156' title='bbox 191 1581 394 1643; x_wconf 84' lang='lat' dir='ltr'><strong>collegae</strong></span> <span class='ocrx_word' id='word_1_157' title='bbox 428 1583 804 1645; x_wconf 77' lang='lat' dir='ltr'><strong>praestantissImi⁷</strong></span> <span class='ocrx_word' id='word_1_158' title='bbox 842 1582 1023 1641; x_wconf 75' lang='lat' dir='ltr'><strong>dixeriS‚</strong></span> <span class='ocrx_word' id='word_1_159' title='bbox 1058 1584 1130 1644; x_wconf 91' lang='lat' dir='ltr'><strong>qui</strong></span> <span class='ocrx_word' id='word_1_160' title='bbox 1165 1583 1248 1630; x_wconf 89' lang='lat' dir='ltr'><strong>etsi</strong></span> <span class='ocrx_word' id='word_1_161' title='bbox 1282 1595 1365 1644; x_wconf 87' lang='lat' dir='ltr'><strong>per</strong></span> <span class='ocrx_word' id='word_1_162' title='bbox 1397 1581 1496 1644; x_wconf 89' lang='lat' dir='ltr'><strong>plus</strong></span> <span class='ocrx_word' id='word_1_163' title='bbox 1533 1596 1662 1642; x_wconf 83' lang='lat' dir='ltr'><strong>quam</strong></span> <span class='ocrx_word' id='word_1_164' title='bbox 1697 1581 1985 1643; x_wconf 85' lang='lat' dir='ltr'><strong>quadraginta</strong></span> <span class='ocrx_word' id='word_1_165' title='bbox 2014 1597 2157 1632; x_wconf 87' lang='lat' dir='ltr'><strong>annos</strong></span> <span class='ocrx_word' id='word_1_166' title='bbox 2184 1584 2461 1648; x_wconf 79' lang='lat' dir='ltr'><strong>professorio</strong></span> 
     </span>
     <span class='ocr_line' id='line_1_18' title="bbox 190 1666 2463 1730; baseline 0.002 -17"><span class='ocrx_word' id='word_1_167' title='bbox 190 1669 361 1715; x_wconf 86' lang='lat' dir='ltr'><strong>muneri</strong></span> <span class='ocrx_word' id='word_1_168' title='bbox 396 1669 565 1730; x_wconf 85' lang='lat' dir='ltr'><strong>artique</strong></span> <span class='ocrx_word' id='word_1_169' title='bbox 600 1667 798 1716; x_wconf 90' lang='lat' dir='ltr'><strong>medicae</strong></span> <span class='ocrx_word' id='word_1_170' title='bbox 835 1666 1202 1729; x_wconf 86' lang='lat' dir='ltr'><strong>obstetriciaeque</strong></span> <span class='ocrx_word' id='word_1_171' title='bbox 1238 1680 1420 1730; x_wconf 86' lang='lat' dir='ltr'><strong>operam</strong></span> <span class='ocrx_word' id='word_1_172' title='bbox 1454 1674 1727 1726; x_wconf 79' lang='lat' dir='ltr'><strong>navaverat,</strong></span> <span class='ocrx_word' id='word_1_173' title='bbox 1774 1674 1864 1714; x_wconf 88' lang='lat' dir='ltr'><strong>tam</strong></span> <span class='ocrx_word' id='word_1_174' title='bbox 1898 1673 2077 1716; x_wconf 87' lang='lat' dir='ltr'><strong>strenue</strong></span> <span class='ocrx_word' id='word_1_175' title='bbox 2112 1669 2255 1716; x_wconf 87' lang='lat' dir='ltr'><strong>adhuc</strong></span> <span class='ocrx_word' id='word_1_176' title='bbox 2288 1672 2463 1730; x_wconf 87' lang='lat' dir='ltr'><strong>utrique</strong></span> 
     </span>
     <span class='ocr_line' id='line_1_19' title="bbox 190 1751 2463 1814; baseline 0.001 -15"><span class='ocrx_word' id='word_1_177' title='bbox 190 1755 362 1800; x_wconf 89' lang='lat' dir='ltr'><strong>muneri</strong></span> <span class='ocrx_word' id='word_1_178' title='bbox 396 1752 585 1801; x_wconf 88' lang='lat' dir='ltr'><strong>vacabat</strong></span> <span class='ocrx_word' id='word_1_179' title='bbox 620 1761 664 1802; x_wconf 90' lang='lat' dir='ltr'><strong>et</strong></span> <span class='ocrx_word' id='word_1_180' title='bbox 698 1755 885 1803; x_wconf 89' lang='lat' dir='ltr'><strong>nominis</strong></span> <span class='ocrx_word' id='word_1_181' title='bbox 920 1755 988 1803; x_wconf 87' lang='lat' dir='ltr'><strong>sui</strong></span> <span class='ocrx_word' id='word_1_182' title='bbox 1022 1753 1213 1814; x_wconf 67' lang='lat' dir='ltr'><strong>gloriae,</strong></span> <span class='ocrx_word' id='word_1_183' title='bbox 1246 1766 1378 1814; x_wconf 85' lang='lat' dir='ltr'><strong>quam</strong></span> <span class='ocrx_word' id='word_1_184' title='bbox 1411 1751 1494 1801; x_wconf 91' lang='lat' dir='ltr'><strong>sibi</strong></span> <span class='ocrx_word' id='word_1_185' title='bbox 1527 1751 1605 1801; x_wconf 87' lang='lat' dir='ltr'><strong>vel</strong></span> <span class='ocrx_word' id='word_1_186' title='bbox 1640 1754 1878 1801; x_wconf 84' lang='lat' dir='ltr'><strong>maximam</strong></span> <span class='ocrx_word' id='word_1_187' title='bbox 1915 1753 2179 1814; x_wconf 84' lang='lat' dir='ltr'><strong>conciliavit,</strong></span> <span class='ocrx_word' id='word_1_188' title='bbox 2214 1761 2304 1802; x_wconf 87' lang='lat' dir='ltr'><strong>tam</strong></span> <span class='ocrx_word' id='word_1_189' title='bbox 2333 1771 2463 1802; x_wconf 89' lang='lat' dir='ltr'><strong>cum-</strong></span> 
     </span>
     <span class='ocr_line' id='line_1_20' title="bbox 189 1838 2464 1900; baseline 0 -11"><span class='ocrx_word' id='word_1_190' title='bbox 189 1839 353 1889; x_wconf 86' lang='lat' dir='ltr'><strong>mulate</strong></span> <span class='ocrx_word' id='word_1_191' title='bbox 387 1839 698 1900; x_wconf 77' lang='lat' dir='ltr'><strong>satisfaciebat,</strong></span> <span class='ocrx_word' id='word_1_192' title='bbox 733 1846 780 1888; x_wconf 91' lang='lat' dir='ltr'><strong>ut</strong></span> <span class='ocrx_word' id='word_1_193' title='bbox 815 1846 1009 1888; x_wconf 86' lang='lat' dir='ltr'><strong>maturos</strong></span> <span class='ocrx_word' id='word_1_194' title='bbox 1045 1846 1089 1887; x_wconf 88' lang='lat' dir='ltr'><strong>et</strong></span> <span class='ocrx_word' id='word_1_195' title='bbox 1123 1838 1285 1889; x_wconf 86' lang='lat' dir='ltr'><strong>uberes</strong></span> <span class='ocrx_word' id='word_1_196' title='bbox 1322 1838 1546 1888; x_wconf 91' lang='lat' dir='ltr'><strong>doctrinae</strong></span> <span class='ocrx_word' id='word_1_197' title='bbox 1581 1846 1626 1886; x_wconf 89' lang='lat' dir='ltr'><strong>et</strong></span> <span class='ocrx_word' id='word_1_198' title='bbox 1661 1842 1766 1887; x_wconf 88' lang='lat' dir='ltr'><strong>artis</strong></span> <span class='ocrx_word' id='word_1_199' title='bbox 1802 1839 1970 1888; x_wconf 80' lang='lat' dir='ltr'><strong>fructus</strong></span> <span class='ocrx_word' id='word_1_200' title='bbox 2007 1841 2062 1887; x_wconf 90' lang='lat' dir='ltr'><strong>ab</strong></span> <span class='ocrx_word' id='word_1_201' title='bbox 2099 1854 2156 1888; x_wconf 91' lang='lat' dir='ltr'><strong>eo</strong></span> <span class='ocrx_word' id='word_1_202' title='bbox 2192 1840 2249 1888; x_wconf 88' lang='lat' dir='ltr'><strong>ad</strong></span> <span class='ocrx_word' id='word_1_203' title='bbox 2274 1843 2464 1889; x_wconf 89' lang='lat' dir='ltr'><strong>univer-</strong></span> 
     </span>
     <span class='ocr_line' id='line_1_21' title="bbox 191 1924 2462 1987; baseline 0 -15"><span class='ocrx_word' id='word_1_204' title='bbox 191 1928 363 1974; x_wconf 89' lang='lat' dir='ltr'><strong>sitatem</strong></span> <span class='ocrx_word' id='word_1_205' title='bbox 399 1934 595 1973; x_wconf 89' lang='lat' dir='ltr'><strong>nostram</strong></span> <span class='ocrx_word' id='word_1_206' title='bbox 631 1930 762 1973; x_wconf 87' lang='lat' dir='ltr'><strong>etiam</strong></span> <span class='ocrx_word' id='word_1_207' title='bbox 799 1926 873 1972; x_wconf 91' lang='lat' dir='ltr'><strong>diu</strong></span> <span class='ocrx_word' id='word_1_208' title='bbox 909 1925 1233 1972; x_wconf 82' lang='lat' dir='ltr'><strong>redundaturos</strong></span> <span class='ocrx_word' id='word_1_209' title='bbox 1266 1940 1384 1983; x_wconf 67' lang='lat' dir='ltr'><strong>esse,</strong></span> <span class='ocrx_word' id='word_1_210' title='bbox 1420 1938 1707 1987; x_wconf 89' lang='lat' dir='ltr'><strong>speraremus.</strong></span> <span class='ocrx_word' id='word_1_211' title='bbox 1769 1925 1894 1980; x_wconf 84' lang='lat' dir='ltr'><strong>Quae</strong></span> <span class='ocrx_word' id='word_1_212' title='bbox 1929 1924 2102 1986; x_wconf 90' lang='lat' dir='ltr'><strong>quidem</strong></span> <span class='ocrx_word' id='word_1_213' title='bbox 2137 1939 2259 1974; x_wconf 89' lang='lat' dir='ltr'><strong>mors</strong></span> <span class='ocrx_word' id='word_1_214' title='bbox 2294 1939 2377 1987; x_wconf 90' lang='lat' dir='ltr'><strong>per</strong></span> <span class='ocrx_word' id='word_1_215' title='bbox 2410 1940 2462 1975; x_wconf 89' lang='lat' dir='ltr'><strong>se</strong></span> 
     </span>
     <span class='ocr_line' id='line_1_22' title="bbox 191 2007 2460 2073; baseline 0 -15"><span class='ocrx_word' id='word_1_216' title='bbox 191 2012 278 2058; x_wconf 89' lang='lat' dir='ltr'><strong>iam</strong></span> <span class='ocrx_word' id='word_1_217' title='bbox 316 2013 422 2058; x_wconf 88' lang='lat' dir='ltr'><strong>satis</strong></span> <span class='ocrx_word' id='word_1_218' title='bbox 461 2011 622 2058; x_wconf 85' lang='lat' dir='ltr'><strong>acerba</strong></span> <span class='ocrx_word' id='word_1_219' title='bbox 659 2027 714 2059; x_wconf 91' lang='lat' dir='ltr'><strong>eo</strong></span> <span class='ocrx_word' id='word_1_220' title='bbox 751 2012 954 2059; x_wconf 86' lang='lat' dir='ltr'><strong>acerbior</strong></span> <span class='ocrx_word' id='word_1_221' title='bbox 985 2014 1154 2070; x_wconf 77' lang='lat' dir='ltr'><strong>evasit,</strong></span> <span class='ocrx_word' id='word_1_222' title='bbox 1205 2011 1321 2073; x_wconf 87' lang='lat' dir='ltr'><strong>quod</strong></span> <span class='ocrx_word' id='word_1_223' title='bbox 1362 2009 1562 2073; x_wconf 83' lang='lat' dir='ltr'><strong>Naegelii</strong></span> <span class='ocrx_word' id='word_1_224' title='bbox 1603 2010 1714 2057; x_wconf 88' lang='lat' dir='ltr'><strong>filius</strong></span> <span class='ocrx_word' id='word_1_225' title='bbox 1755 2008 2127 2058; x_wconf 89' lang='lat' dir='ltr'><strong>FRANCISCUS</strong></span> <span class='ocrx_word' id='word_1_226' title='bbox 2168 2007 2460 2069; x_wconf 75' lang='lat' dir='ltr'>CAROLUS,</span> 
     </span>
     <span class='ocr_line' id='line_1_23' title="bbox 195 2096 2460 2161; baseline 0 -17"><span class='ocrx_word' id='word_1_227' title='bbox 195 2100 268 2158; x_wconf 90' lang='lat' dir='ltr'><strong>qui</strong></span> <span class='ocrx_word' id='word_1_228' title='bbox 305 2104 349 2144; x_wconf 91' lang='lat' dir='ltr'><strong>et</strong></span> <span class='ocrx_word' id='word_1_229' title='bbox 384 2100 479 2161; x_wconf 91' lang='lat' dir='ltr'><strong>ipse</strong></span> <span class='ocrx_word' id='word_1_230' title='bbox 514 2097 782 2161; x_wconf 87' lang='lat' dir='ltr'><strong>professoris</strong></span> <span class='ocrx_word' id='word_1_231' title='bbox 818 2111 1000 2144; x_wconf 84' lang='lat' dir='ltr'><strong>munere</strong></span> <span class='ocrx_word' id='word_1_232' title='bbox 1036 2096 1151 2159; x_wconf 88' lang='lat' dir='ltr'><strong>apud</strong></span> <span class='ocrx_word' id='word_1_233' title='bbox 1187 2111 1270 2145; x_wconf 89' lang='lat' dir='ltr'><strong>nos</strong></span> <span class='ocrx_word' id='word_1_234' title='bbox 1305 2111 1388 2159; x_wconf 89' lang='lat' dir='ltr'><strong>per</strong></span> <span class='ocrx_word' id='word_1_235' title='bbox 1421 2096 1570 2158; x_wconf 89' lang='lat' dir='ltr'><strong>plures</strong></span> <span class='ocrx_word' id='word_1_236' title='bbox 1618 2112 1755 2144; x_wconf 90' lang='lat' dir='ltr'><strong>annos</strong></span> <span class='ocrx_word' id='word_1_237' title='bbox 1791 2097 1948 2157; x_wconf 83' lang='lat' dir='ltr'><strong>insigni</strong></span> <span class='ocrx_word' id='word_1_238' title='bbox 1984 2112 2084 2144; x_wconf 88' lang='lat' dir='ltr'><strong>cum</strong></span> <span class='ocrx_word' id='word_1_239' title='bbox 2117 2096 2250 2145; x_wconf 88' lang='lat' dir='ltr'><strong>laude</strong></span> <span class='ocrx_word' id='word_1_240' title='bbox 2285 2097 2460 2146; x_wconf 87' lang='lat' dir='ltr'><strong>functus</strong></span> 
     </span>
     <span class='ocr_line' id='line_1_24' title="bbox 192 2180 2462 2244; baseline 0 -15"><span class='ocrx_word' id='word_1_241' title='bbox 192 2186 237 2228; x_wconf 91' lang='lat' dir='ltr'><strong>in</strong></span> <span class='ocrx_word' id='word_1_242' title='bbox 273 2183 429 2229; x_wconf 90' lang='lat' dir='ltr'><strong>eadem</strong></span> <span class='ocrx_word' id='word_1_243' title='bbox 466 2190 588 2241; x_wconf 65' lang='lat' dir='ltr'><strong>arte,</strong></span> <span class='ocrx_word' id='word_1_244' title='bbox 626 2197 709 2243; x_wconf 89' lang='lat' dir='ltr'><strong>qua</strong></span> <span class='ocrx_word' id='word_1_245' title='bbox 746 2189 871 2244; x_wconf 81' lang='lat' dir='ltr'><strong>pater</strong></span> <span class='ocrx_word' id='word_1_246' title='bbox 905 2188 1068 2228; x_wconf 85' lang='lat' dir='ltr'><strong>tantam</strong></span> <span class='ocrx_word' id='word_1_247' title='bbox 1103 2181 1288 2242; x_wconf 85' lang='lat' dir='ltr'><strong>gloriam</strong></span> <span class='ocrx_word' id='word_1_248' title='bbox 1324 2187 1551 2227; x_wconf 84' lang='lat' dir='ltr'><strong>assecutus</strong></span> <span class='ocrx_word' id='word_1_249' title='bbox 1588 2187 1682 2237; x_wconf 66' lang='lat' dir='ltr'><strong>est,</strong></span> <span class='ocrx_word' id='word_1_250' title='bbox 1723 2182 1808 2226; x_wconf 90' lang='lat' dir='ltr'><strong>iam</strong></span> <span class='ocrx_word' id='word_1_251' title='bbox 1844 2180 2074 2242; x_wconf 87' lang='lat' dir='ltr'><strong>praeclara</strong></span> <span class='ocrx_word' id='word_1_252' title='bbox 2110 2180 2309 2228; x_wconf 88' lang='lat' dir='ltr'><strong>ediderat</strong></span> <span class='ocrx_word' id='word_1_253' title='bbox 2346 2182 2462 2230; x_wconf 92' lang='lat' dir='ltr'><strong>doc-</strong></span> 
     </span>
     <span class='ocr_line' id='line_1_25' title="bbox 192 2263 2462 2331; baseline 0 -17"><span class='ocrx_word' id='word_1_254' title='bbox 192 2269 334 2314; x_wconf 84' lang='lat' dir='ltr'><strong>trinae</strong></span> <span class='ocrx_word' id='word_1_255' title='bbox 370 2269 626 2331; x_wconf 70' lang='lat' dir='ltr'><strong>specimina,</strong></span> <span class='ocrx_word' id='word_1_256' title='bbox 662 2269 812 2330; x_wconf 90' lang='lat' dir='ltr'><strong>paucis</strong></span> <span class='ocrx_word' id='word_1_257' title='bbox 847 2266 1069 2315; x_wconf 87' lang='lat' dir='ltr'><strong>mensibus</strong></span> <span class='ocrx_word' id='word_1_258' title='bbox 1105 2273 1205 2329; x_wconf 91' lang='lat' dir='ltr'><strong>post</strong></span> <span class='ocrx_word' id='word_1_259' title='bbox 1240 2267 1376 2328; x_wconf 86' lang='lat' dir='ltr'><strong>patris.</strong></span> <span class='ocrx_word' id='word_1_260' title='bbox 1409 2264 1539 2313; x_wconf 89' lang='lat' dir='ltr'><strong>funus</strong></span> <span class='ocrx_word' id='word_1_261' title='bbox 1575 2263 1787 2312; x_wconf 90' lang='lat' dir='ltr'><strong>occubuit.</strong></span> <span class='ocrx_word' id='word_1_262' title='bbox 1850 2265 1913 2312; x_wconf 88' lang='lat' dir='ltr'><strong>Ita</strong></span> <span class='ocrx_word' id='word_1_263' title='bbox 1948 2266 2196 2314; x_wconf 88' lang='lat' dir='ltr'><strong>tristissimo</strong></span> <span class='ocrx_word' id='word_1_264' title='bbox 2232 2282 2340 2314; x_wconf 92' lang='lat' dir='ltr'><strong>casu</strong></span> <span class='ocrx_word' id='word_1_265' title='bbox 2376 2283 2462 2314; x_wconf 89' lang='lat' dir='ltr'><strong>ac-</strong></span> 
     </span>
     <span class='ocr_line' id='line_1_26' title="bbox 193 2350 2463 2416; baseline 0 -17"><span class='ocrx_word' id='word_1_266' title='bbox 193 2353 320 2412; x_wconf 80' lang='lat' dir='ltr'><strong>cidit,</strong></span> <span class='ocrx_word' id='word_1_267' title='bbox 354 2361 402 2401; x_wconf 90' lang='lat' dir='ltr'><strong>ut</strong></span> <span class='ocrx_word' id='word_1_268' title='bbox 437 2354 552 2401; x_wconf 88' lang='lat' dir='ltr'><strong>filius</strong></span> <span class='ocrx_word' id='word_1_269' title='bbox 585 2354 659 2400; x_wconf 89' lang='lat' dir='ltr'><strong>tali</strong></span> <span class='ocrx_word' id='word_1_270' title='bbox 693 2360 819 2416; x_wconf 88' lang='lat' dir='ltr'><strong>patre</strong></span> <span class='ocrx_word' id='word_1_271' title='bbox 856 2353 1037 2414; x_wconf 69' lang='lat' dir='ltr'><strong>dignus,</strong></span> <span class='ocrx_word' id='word_1_272' title='bbox 1072 2367 1200 2414; x_wconf 87' lang='lat' dir='ltr'><strong>quem</strong></span> <span class='ocrx_word' id='word_1_273' title='bbox 1237 2354 1370 2413; x_wconf 85' lang='lat' dir='ltr'><strong>patris</strong></span> <span class='ocrx_word' id='word_1_274' title='bbox 1409 2353 1455 2398; x_wconf 83' lang='lat' dir='ltr'><strong>in</strong></span> <span class='ocrx_word' id='word_1_275' title='bbox 1490 2350 1697 2397; x_wconf 88' lang='lat' dir='ltr'><strong>cathedra</strong></span> <span class='ocrx_word' id='word_1_276' title='bbox 1733 2365 2039 2398; x_wconf 88' lang='lat' dir='ltr'><strong>successorem</strong></span> <span class='ocrx_word' id='word_1_277' title='bbox 2075 2366 2178 2399; x_wconf 89' lang='lat' dir='ltr'><strong>esse</strong></span> <span class='ocrx_word' id='word_1_278' title='bbox 2213 2353 2463 2414; x_wconf 80' lang='lat' dir='ltr'><strong>oportebat,</strong></span> 
     </span>
     <span class='ocr_line' id='line_1_27' title="bbox 193 2435 2461 2497; baseline 0.001 -13"><span class='ocrx_word' id='word_1_279' title='bbox 193 2440 237 2484; x_wconf 90' lang='lat' dir='ltr'><strong>in</strong></span> <span class='ocrx_word' id='word_1_280' title='bbox 271 2437 428 2484; x_wconf 81' lang='lat' dir='ltr'><strong>funere</strong></span> <span class='ocrx_word' id='word_1_281' title='bbox 463 2452 699 2486; x_wconf 87' lang='lat' dir='ltr'><strong>successor</strong></span> <span class='ocrx_word' id='word_1_282' title='bbox 734 2439 978 2486; x_wconf 84' lang='lat' dir='ltr'><strong>efferretur.</strong></span> <span class='ocrx_word' id='word_1_283' title='bbox 1049 2436 1139 2485; x_wconf 91' lang='lat' dir='ltr'><strong>Sed</strong></span> <span class='ocrx_word' id='word_1_284' title='bbox 1175 2436 1302 2485; x_wconf 89' lang='lat' dir='ltr'><strong>dolor</strong></span> <span class='ocrx_word' id='word_1_285' title='bbox 1335 2436 1490 2484; x_wconf 88' lang='lat' dir='ltr'><strong>horum</strong></span> <span class='ocrx_word' id='word_1_286' title='bbox 1525 2435 1727 2484; x_wconf 83' lang='lat' dir='ltr'><strong>funerum</strong></span> <span class='ocrx_word' id='word_1_287' title='bbox 1763 2435 2066 2497; x_wconf 87' lang='lat' dir='ltr'><strong>superstitibus</strong></span> <span class='ocrx_word' id='word_1_288' title='bbox 2101 2437 2140 2483; x_wconf 89' lang='lat' dir='ltr'><strong>si</strong></span> <span class='ocrx_word' id='word_1_289' title='bbox 2176 2438 2313 2484; x_wconf 83' lang='lat' dir='ltr'><strong>eximi</strong></span> <span class='ocrx_word' id='word_1_290' title='bbox 2341 2454 2461 2486; x_wconf 91' lang='lat' dir='ltr'><strong>nun-</strong></span> 
     </span>
     <span class='ocr_line' id='line_1_28' title="bbox 194 2520 2462 2586; baseline 0 -16"><span class='ocrx_word' id='word_1_291' title='bbox 194 2537 322 2584; x_wconf 89' lang='lat' dir='ltr'><strong>quam</strong></span> <span class='ocrx_word' id='word_1_292' title='bbox 360 2530 531 2586; x_wconf 80' lang='lat' dir='ltr'><strong>potest,</strong></span> <span class='ocrx_word' id='word_1_293' title='bbox 579 2523 754 2585; x_wconf 89' lang='lat' dir='ltr'><strong>aliquod</strong></span> <span class='ocrx_word' id='word_1_294' title='bbox 800 2525 955 2573; x_wconf 86' lang='lat' dir='ltr'><strong>saltem</strong></span> <span class='ocrx_word' id='word_1_295' title='bbox 990 2524 1155 2571; x_wconf 85' lang='lat' dir='ltr'><strong>doloris</strong></span> <span class='ocrx_word' id='word_1_296' title='bbox 1190 2523 1379 2570; x_wconf 88' lang='lat' dir='ltr'><strong>lenimen</strong></span> <span class='ocrx_word' id='word_1_297' title='bbox 1414 2521 1671 2584; x_wconf 90' lang='lat' dir='ltr'><strong>relinquitur</strong></span> <span class='ocrx_word' id='word_1_298' title='bbox 1706 2520 2022 2581; x_wconf 75' lang='lat' dir='ltr'><strong>cogitantibus,</strong></span> <span class='ocrx_word' id='word_1_299' title='bbox 2058 2520 2265 2583; x_wconf 88' lang='lat' dir='ltr'><strong>Naegelii</strong></span> <span class='ocrx_word' id='word_1_300' title='bbox 2301 2538 2462 2570; x_wconf 91' lang='lat' dir='ltr'><strong>nomen</strong></span> 
     </span>
     <span class='ocr_line' id='line_1_29' title="bbox 192 2607 2461 2669; baseline 0 -14"><span class='ocrx_word' id='word_1_301' title='bbox 192 2615 347 2669; x_wconf 81' lang='lat' dir='ltr'><strong>gratae</strong></span> <span class='ocrx_word' id='word_1_302' title='bbox 384 2615 448 2658; x_wconf 89' lang='lat' dir='ltr'><strong>tot</strong></span> <span class='ocrx_word' id='word_1_303' title='bbox 480 2608 703 2657; x_wconf 84' lang='lat' dir='ltr'><strong>hominum</strong></span> <span class='ocrx_word' id='word_1_304' title='bbox 739 2609 1034 2657; x_wconf 83' lang='lat' dir='ltr'><strong>recordationi</strong></span> <span class='ocrx_word' id='word_1_305' title='bbox 1081 2608 1330 2656; x_wconf 84' lang='lat' dir='ltr'><strong>mandatum</strong></span> <span class='ocrx_word' id='word_1_306' title='bbox 1373 2615 1416 2654; x_wconf 87' lang='lat' dir='ltr'><strong>et</strong></span> <span class='ocrx_word' id='word_1_307' title='bbox 1450 2610 1499 2654; x_wconf 89' lang='lat' dir='ltr'><strong>in</strong></span> <span class='ocrx_word' id='word_1_308' title='bbox 1531 2608 1826 2654; x_wconf 82' lang='lat' dir='ltr'><strong>universitatis</strong></span> <span class='ocrx_word' id='word_1_309' title='bbox 1861 2614 2043 2653; x_wconf 89' lang='lat' dir='ltr'><strong>nostrae</strong></span> <span class='ocrx_word' id='word_1_310' title='bbox 2081 2607 2309 2655; x_wconf 88' lang='lat' dir='ltr'><strong>annalibus</strong></span> <span class='ocrx_word' id='word_1_311' title='bbox 2346 2624 2461 2655; x_wconf 89' lang='lat' dir='ltr'><strong>con-</strong></span> 
     </span>
     <span class='ocr_line' id='line_1_30' title="bbox 192 2692 2460 2758; baseline -0.001 -16"><span class='ocrx_word' id='word_1_312' title='bbox 192 2693 425 2755; x_wconf 75' lang='lat' dir='ltr'><strong>signatum,</strong></span> <span class='ocrx_word' id='word_1_313' title='bbox 461 2696 574 2743; x_wconf 87' lang='lat' dir='ltr'><strong>inter</strong></span> <span class='ocrx_word' id='word_1_314' title='bbox 607 2695 934 2758; x_wconf 85' lang='lat' dir='ltr'><strong>praclarissima</strong></span> <span class='ocrx_word' id='word_1_315' title='bbox 967 2710 1122 2743; x_wconf 85' lang='lat' dir='ltr'><strong>eornm</strong></span> <span class='ocrx_word' id='word_1_316' title='bbox 1157 2697 1355 2743; x_wconf 77' lang='lat' dir='ltr'><strong>virorum</strong></span> <span class='ocrx_word' id='word_1_317' title='bbox 1390 2695 1567 2739; x_wconf 92' lang='lat' dir='ltr'><strong>nomina</strong></span> <span class='ocrx_word' id='word_1_318' title='bbox 1597 2695 1864 2753; x_wconf 88' lang='lat' dir='ltr'><strong>sempiterno</strong></span> <span class='ocrx_word' id='word_1_319' title='bbox 1891 2692 2065 2738; x_wconf 90' lang='lat' dir='ltr'><strong>honore</strong></span> <span class='ocrx_word' id='word_1_320' title='bbox 2095 2692 2364 2739; x_wconf 80' lang='lat' dir='ltr'><strong>celebratum</strong></span> <span class='ocrx_word' id='word_1_321' title='bbox 2392 2696 2460 2752; x_wconf 80' lang='lat' dir='ltr'><strong>iri,</strong></span> 
     </span>
     <span class='ocr_line' id='line_1_31' title="bbox 194 2777 2458 2841; baseline -0 -14"><span class='ocrx_word' id='word_1_322' title='bbox 194 2781 265 2841; x_wconf 87' lang='lat' dir='ltr'><strong>qui</strong></span> <span class='ocrx_word' id='word_1_323' title='bbox 299 2779 581 2828; x_wconf 87' lang='lat' dir='ltr'><strong>instauratam</strong></span> <span class='ocrx_word' id='word_1_324' title='bbox 615 2780 728 2828; x_wconf 88' lang='lat' dir='ltr'><strong>banc</strong></span> <span class='ocrx_word' id='word_1_325' title='bbox 763 2797 789 2829; x_wconf 92' lang='lat' dir='ltr'><strong>a</strong></span> <span class='ocrx_word' id='word_1_326' title='bbox 826 2778 989 2829; x_wconf 86' lang='lat' dir='ltr'><strong>Carolo</strong></span> <span class='ocrx_word' id='word_1_327' title='bbox 1025 2780 1254 2829; x_wconf 88' lang='lat' dir='ltr'><strong>Friderico</strong></span> <span class='ocrx_word' id='word_1_328' title='bbox 1290 2779 1446 2827; x_wconf 89' lang='lat' dir='ltr'><strong>almam</strong></span> <span class='ocrx_word' id='word_1_329' title='bbox 1474 2785 1519 2825; x_wconf 90' lang='lat' dir='ltr'><strong>et</strong></span> <span class='ocrx_word' id='word_1_330' title='bbox 1546 2780 1844 2841; x_wconf 87' lang='lat' dir='ltr'><strong>perantiquam</strong></span> <span class='ocrx_word' id='word_1_331' title='bbox 1873 2779 2209 2826; x_wconf 81' lang='lat' dir='ltr'><strong>universitatem</strong></span> <span class='ocrx_word' id='word_1_332' title='bbox 2238 2777 2458 2826; x_wconf 86' lang='lat' dir='ltr'><strong>laboribus</strong></span> 
     </span>
     <span class='ocr_line' id='line_1_32' title="bbox 191 2863 2458 2928; baseline -0.002 -13"><span class='ocrx_word' id='word_1_333' title='bbox 191 2868 282 2915; x_wconf 80' lang='lat' dir='ltr'><strong>suis</strong></span> <span class='ocrx_word' id='word_1_334' title='bbox 318 2874 364 2914; x_wconf 86' lang='lat' dir='ltr'><strong>et</strong></span> <span class='ocrx_word' id='word_1_335' title='bbox 396 2869 562 2915; x_wconf 86' lang='lat' dir='ltr'><strong>meritis</strong></span> <span class='ocrx_word' id='word_1_336' title='bbox 596 2867 835 2928; x_wconf 71' lang='lat' dir='ltr'><strong>firmarunt,</strong></span> <span class='ocrx_word' id='word_1_337' title='bbox 874 2874 1094 2915; x_wconf 70' lang='lat' dir='ltr'><strong>auxerunt</strong></span> <span class='ocrx_word' id='word_1_338' title='bbox 1130 2873 1174 2913; x_wconf 92' lang='lat' dir='ltr'><strong>et</strong></span> <span class='ocrx_word' id='word_1_339' title='bbox 1208 2866 1264 2913; x_wconf 89' lang='lat' dir='ltr'><strong>ad</strong></span> <span class='ocrx_word' id='word_1_340' title='bbox 1300 2880 1402 2912; x_wconf 89' lang='lat' dir='ltr'><strong>enm</strong></span> <span class='ocrx_word' id='word_1_341' title='bbox 1433 2863 1576 2912; x_wconf 83' lang='lat' dir='ltr'><strong>laudis</strong></span> <span class='ocrx_word' id='word_1_342' title='bbox 1611 2863 1798 2926; x_wconf 87' lang='lat' dir='ltr'><strong>gradum</strong></span> <span class='ocrx_word' id='word_1_343' title='bbox 1831 2870 2101 2923; x_wconf 80' lang='lat' dir='ltr'><strong>evexerunt,</strong></span> <span class='ocrx_word' id='word_1_344' title='bbox 2132 2864 2252 2913; x_wconf 90' lang='lat' dir='ltr'><strong>unde</strong></span> <span class='ocrx_word' id='word_1_345' title='bbox 2285 2877 2343 2911; x_wconf 89' lang='lat' dir='ltr'><strong>ne</strong></span> <span class='ocrx_word' id='word_1_346' title='bbox 2368 2877 2458 2910; x_wconf 91' lang='lat' dir='ltr'><strong>un-</strong></span> 
     </span>
     <span class='ocr_line' id='line_1_33' title="bbox 192 2949 1667 3017; baseline -0.002 -17"><span class='ocrx_word' id='word_1_347' title='bbox 192 2965 324 3013; x_wconf 83' lang='lat' dir='ltr'><strong>quam</strong></span> <span class='ocrx_word' id='word_1_348' title='bbox 359 2952 586 3001; x_wconf 79' lang='lat' dir='ltr'><strong>delabatur</strong></span> <span class='ocrx_word' id='word_1_349' title='bbox 619 2956 812 3017; x_wconf 86' lang='lat' dir='ltr'><strong>posteris</strong></span> <span class='ocrx_word' id='word_1_350' title='bbox 845 2969 1000 3002; x_wconf 82' lang='lat' dir='ltr'><strong>corum</strong></span> <span class='ocrx_word' id='word_1_351' title='bbox 1035 2954 1158 3001; x_wconf 84' lang='lat' dir='ltr'><strong>omni</strong></span> <span class='ocrx_word' id='word_1_352' title='bbox 1189 2967 1295 2999; x_wconf 86' lang='lat' dir='ltr'><strong>cura</strong></span> <span class='ocrx_word' id='word_1_353' title='bbox 1330 2949 1552 2998; x_wconf 85' lang='lat' dir='ltr'><strong>nitendum</strong></span> <span class='ocrx_word' id='word_1_354' title='bbox 1586 2956 1667 2998; x_wconf 84' lang='lat' dir='ltr'><strong>est.</strong></span> 
     </span>
    </p>

    <p class='ocr_par' dir='ltr' id='par_1_5' title="bbox 190 3030 2460 3189">
     <span class='ocr_line' id='line_1_34' title="bbox 363 3030 2458 3096; baseline -0.003 -9"><span class='ocrx_word' id='word_1_355' title='bbox 363 3037 479 3087; x_wconf 78' lang='lat' dir='ltr'><strong>Obiit</strong></span> <span class='ocrx_word' id='word_1_356' title='bbox 523 3039 612 3088; x_wconf 87' lang='lat' dir='ltr'><strong>boc</strong></span> <span class='ocrx_word' id='word_1_357' title='bbox 657 3054 775 3089; x_wconf 81' lang='lat' dir='ltr'><strong>anno</strong></span> <span class='ocrx_word' id='word_1_358' title='bbox 809 3042 944 3088; x_wconf 65' lang='lat' dir='ltr'><strong>etiam</strong></span> <span class='ocrx_word' id='word_1_359' title='bbox 976 3040 1090 3089; x_wconf 87' lang='lat' dir='ltr'><strong>alius</strong></span> <span class='ocrx_word' id='word_1_360' title='bbox 1123 3038 1419 3087; x_wconf 76' lang='lat' dir='ltr'><strong>universitatis</strong></span> <span class='ocrx_word' id='word_1_361' title='bbox 1453 3042 1635 3085; x_wconf 79' lang='lat' dir='ltr'><strong>nostrae</strong></span> <span class='ocrx_word' id='word_1_362' title='bbox 1670 3033 1845 3096; x_wconf 81' lang='lat' dir='ltr'><strong>collega</strong></span> <span class='ocrx_word' id='word_1_363' title='bbox 1881 3033 2221 3093; x_wconf 73' lang='lat' dir='ltr'><strong>celeberrimus,</strong></span> <span class='ocrx_word' id='word_1_364' title='bbox 2266 3030 2458 3081; x_wconf 80' lang='lat' dir='ltr'>EBER-</span> 
     </span>
     <span class='ocr_line' id='line_1_35' title="bbox 190 3119 2460 3189; baseline -0.004 -16"><span class='ocrx_word' id='word_1_365' title='bbox 190 3121 435 3174; x_wconf 83' lang='lat' dir='ltr'>HARDUS</span> <span class='ocrx_word' id='word_1_366' title='bbox 480 3125 713 3174; x_wconf 82' lang='lat' dir='ltr'>PAULUS</span> <span class='ocrx_word' id='word_1_367' title='bbox 726 3161 740 3185; x_wconf 74' lang='lat'>,</span> <span class='ocrx_word' id='word_1_368' title='bbox 786 3128 1124 3189; x_wconf 82' lang='lat' dir='ltr'><strong>nonagesimum</strong></span> <span class='ocrx_word' id='word_1_369' title='bbox 1168 3138 1310 3188; x_wconf 83' lang='lat' dir='ltr'><strong>paene</strong></span> <span class='ocrx_word' id='word_1_370' title='bbox 1357 3125 1510 3171; x_wconf 70' lang='lat' dir='ltr'><strong>aet-alis</strong></span> <span class='ocrx_word' id='word_1_371' title='bbox 1557 3136 1742 3181; x_wconf 62' lang='lat' dir='ltr'><strong>annunt,</strong></span> <span class='ocrx_word' id='word_1_372' title='bbox 1796 3137 1946 3169; x_wconf 85' lang='lat' dir='ltr'><strong>rarum</strong></span> <span class='ocrx_word' id='word_1_373' title='bbox 1980 3119 2233 3170; x_wconf 73' lang='lat' dir='ltr'><strong>mortalibus</strong></span> <span class='ocrx_word' id='word_1_374' title='bbox 2280 3132 2460 3177; x_wconf 76' lang='lat' dir='ltr'><strong>aevum,</strong></span> 
     </span>
    </p>
   </div>
  </div>
 </body>
</html>
