2588 3265
155 248 2433 319 slonesapwntemdmsse,opumeregemfaemrumesses1mgnoseabdlcaretetstam

155 341 413 406 popularem
440 339 611 389 civibus
640 341 949 404 impertirem,
974 338 1080 388 ideo
1104 354 1196 389 non
1222 336 1486 405 putaverim,
1524 340 1643 405 quod
1670 342 1938 406 reliquorum
1963 345 2162 392 omnium
2186 343 2433 408 sapienti-

156 429 418 476 coniunctae
451 425 698 475 sententiae
729 433 827 473 rem
861 427 1006 475 seri&
1004 430 1225 487 metant,
1258 439 1403 490 neque
1439 426 1497 474 de
1530 441 1672 490 regno
1708 427 1925 476 abolendo
1960 428 2041 478 sed
2074 426 2371 479 emendando·
2383 433 2434 495 ‘et

155 511 417 561 stabiliendo
451 512 510 559 ihi
540 525 688 559 sermo
718 518 812 570 est3
847 518 894 558 ut
921 510 1062 559 Solon
1089 514 1233 575 potius
1262 515 1393 574 regni
1421 513 1611 576 aliquam
1641 527 1741 560 cum
1777 519 1891 561 statu
1917 515 2115 579 populari
2144 516 2431 580 complexio-

156 611 260 645 nem
294 605 340 645 et
372 604 763 661 temperamentum
798 596 1137 645 commendasse
1171 597 1274 645 mihi
1309 597 1525 645 videatur.
1533 595 1565 629 ²)

331 682 668 729 Accuratiorem
715 680 770 727 de
817 684 947 729 trium
991 695 1211 744 generum
1255 688 1599 746 temperamento
1636 683 1881 730 doctrinam
1914 684 2043 747 primi
2081 691 2306 747 exponunt
2339 684 2429 733 duo

155 769 395 830 scriptores
425 765 696 826 nobilissimi,
724 765 1022 830 Hippodamus
1047 766 1247 816 Milesius
1277 774 1321 815 et
1348 767 1571 831 Archytas
1594 768 1873 828 Tarentinus,
1902 773 2089 832 uterque
2105 768 2430 833 Pythagoreus,

155 866 345 916 quorum
378 851 625 914 fragmenta
662 850 815 899 dorice
850 853 1096 916 conscripta
1131 853 1246 899 inter
1280 851 1662 916 Pythagoreorum
1703 853 1909 916 reliquias
1942 852 2160 901 habentur
2193 868 2220 900 a
2254 851 2430 902 Joanue

154 935 350 987 Stobaeo
377 942 592 985 servatas.
662 936 905 984 Videamus
933 938 1120 1000 primum
1149 937 1206 984 de
1234 937 1524 1000 Hippodame,
1559 939 1682 985 cuius
1708 936 1956 998 fragmenta
1987 951 2048 984 ex
2076 938 2284 1000 operibus
2314 937 2430 986 binis

154 1020 226 1069 De
247 1036 300 1069 re
322 1020 494 1085 publica
530 1028 575 1069 et
604 1019 673 1069 De
695 1023 788 1070 vita
811 1020 940 1069 beata
975 1038 1002 1068 a
1031 1021 1174 1069 multis
1204 1037 1285 1084 pro
1317 1024 1607 1085 suppositiciis
1640 1020 1854 1069 habentur
1881 1036 2027 1084 neque
2055 1028 2202 1069 tamen
2229 1036 2340 1069 vere
2367 1024 2428 1069 ita

155 1121 260 1157 esse
308 1107 441 1154 certis
488 1105 629 1154 adhuc
675 1108 943 1168 argumentis
991 1106 1095 1154 mihi
1131 1106 1474 1155 demonstratum
1510 1122 1613 1155 esse
1648 1106 1851 1165 videtur3
1900 1105 2249 1168 fragmentorum
2284 1113 2427 1154 autem

154 1194 352 1257 ipsorum
387 1206 442 1239 ea
477 1199 545 1240 est
579 1191 767 1251 indoles,
804 1206 887 1239 eae
922 1198 1022 1241 sunt
1056 1194 1257 1252 virtutes,
1292 1199 1339 1239 ut
1383 1207 1474 1240 non
1508 1191 1639 1239 facile
1676 1190 1891 1240 eiusmodi
1926 1189 2069 1239 fraudi
2104 1190 2426 1254 perpetrandae

152 1293 306 1343 parem
329 1280 554 1327 inveneris
578 1277 816 1326 falsarium.
825 1273 856 1308 ³)
904 1276 968 1325 lbi
996 1279 1129 1339 igitur
1156 1278 1453 1341 Hippodamus
1484 1281 1583 1327 sive
1611 1293 1748 1326 verus
1778 1279 1877 1325 sive
1906 1284 2171 1340 personatus
2198 1284 2431 1340 postquam

153 1379 182 1412 a
216 1363 422 1427 sophistis
459 1364 612 1411 caveri
647 1365 797 1422 suasit,
833 1364 1045 1411 iuvenum
1078 1362 1453 1427 praeceptoribuS,
1489 1365 1562 1426 qui
1595 1363 1722 1425 leges
1758 1364 1922 1426 patrias
1957 1368 2003 1409 et
2037 1362 2277 1425 religiones
2314 1376 2433 1410 con-

153 1449 326 1498 vellere
360 1447 575 1507 audeant,
624 1463 711 1510 qua
753 1446 854 1495 labe
889 1446 1082 1496 admissa
1115 1462 1262 1511 neque
1309 1451 1543 1497 veritatem
1587 1450 1822 1496 certiorem
1856 1462 2002 1512 neque
2037 1450 2176 1496 vitam
2208 1448 2433 1496 hominum

153 1535 360 1580 tutiorem
405 1533 767 1580 honestioremve
802 1547 1038 1580 evasuram
1084 1547 1213 1592 esse,
1259 1533 1339 1579 sed
1374 1535 1632 1596 plerumque
1667 1535 1882 1581 maiorem
1917 1534 2151 1594 caliginem
2187 1540 2233 1581 et
2267 1532 2433 1581 confu-

152 1619 327 1667 sionem
370 1615 587 1665 mentibus
628 1616 878 1679 illapsurum
891 1649 906 1676 ,
962 1618 1142 1664 instituit
1196 1616 1360 1663 docere
1398 1618 1485 1665 sic:
1531 1616 1703 1678 legibus
1744 1619 1905 1681 optime
1944 1630 2041 1665 rem
2080 1617 2298 1682 publicam
2337 1623 2431 1665 tum

153 1702 428 1761 confirmari,
462 1703 502 1750 si
537 1715 600 1747 ex
635 1701 834 1749 omnibus
870 1715 1020 1748 rerum
1053 1700 1324 1764 publicarum
1358 1700 1611 1763 generibus,
1647 1701 1727 1750 sed
1760 1701 1889 1750 bonis
1923 1702 2008 1750 illis
2049 1702 2225 1765 quidem
2265 1708 2312 1750 et
2350 1717 2434 1751 sa-

153 1786 382 1847 lutaribus,
416 1788 635 1850 permixta
670 1788 740 1846 sit,
775 1786 1011 1849 tyrannide
1046 1792 1091 1833 et
1126 1786 1366 1848 oligarchia
1403 1787 1609 1835 exclusis.
1679 1786 1847 1850 Itaque,
1881 1788 2034 1850 inquit,
2069 1788 2257 1851 primum
2291 1801 2436 1850 genus

154 1871 311 1933 regale
346 1873 445 1919 sive
480 1873 709 1933 imperium
745 1873 917 1933 regium
952 1872 1117 1919 civitati
1152 1872 1288 1919 inseri
1333 1877 1530 1934 oportet3
1576 1878 1667 1918 tum
1714 1874 1982 1934 optimatium
2027 1874 2271 1935 imperium.
2343 1871 2436 1921 Sed

156 1972 291 2022 quum
326 1958 498 2019 regium
534 1958 763 2020 imperium
798 1971 874 2006 res
908 1959 964 2006 sit
999 1956 1055 2004 ad
1090 1958 1278 2004 numinis
1315 1958 1436 2020 quasi
1470 1958 1752 2004 imitationem
1789 1964 2057 2020 comparata,
2092 1956 2281 2020 ideoque
2310 1960 2431 2005 inte-

154 2057 287 2107 grum
322 2049 367 2089 et
401 2048 570 2089 rectum
606 2041 661 2089 ab
691 2042 880 2089 humano
909 2044 1090 2104 ingenio
1120 2057 1258 2104 aegre
1287 2044 1462 2090 servari
1490 2043 1651 2105 possit:
1689 2056 1874 2104 regnum
1902 2057 1992 2089 non
2024 2048 2093 2089 est
2120 2042 2433 2090 instituendum

155 2128 287 2192 plane
323 2126 599 2174 arbitrarium
634 2127 822 2173 nullisve
857 2126 1013 2173 finibus
1050 2130 1424 2188 circumscriptum
1438 2161 1452 2185 ,
1500 2127 1580 2174 sed
1626 2127 1712 2173 tale
1759 2127 1888 2188 quale
1935 2128 2162 2186 ingenium
2195 2126 2432 2174 humanam

156 2211 274 2260 ferat
319 2217 364 2258 et
409 2212 476 2258 rei
521 2210 722 2275 publicae
771 2209 996 2258 conducat.
1067 2209 1356 2258 Aristocratia
1401 2212 1500 2258 sive
1544 2212 1812 2273 optimatium
1849 2216 2044 2274 potestas
2080 2210 2247 2272 largius
2284 2218 2355 2259 est
2388 2213 2435 2260 in

156 2298 337 2346 civitate
372 2294 653 2354 admittenda,
690 2294 806 2357 quod
840 2295 989 2358 plures
1024 2300 1123 2343 sunt
1156 2297 1201 2342 in
1235 2309 1493 2357 unaquaque
1523 2297 1665 2354 civeS,
1702 2297 1776 2357 qui
1810 2295 2005 2343 honores
2034 2296 2360 2357 potentiamque
2389 2301 2435 2343 et

158 2387 373 2445 quaerant
401 2387 445 2427 et
475 2387 741 2439 mereantur,
772 2394 829 2427 ne
857 2380 1128 2441 singulorum
1156 2378 1212 2426 de
1244 2378 1467 2426 individuo
1495 2386 1540 2426 et
1568 2394 1741 2427 summo
1771 2383 1954 2443 imperio
1985 2386 2211 2426 certamen
2239 2380 2435 2442 pericula

158 2468 313 2531 pariat.
376 2465 686 2512 Democratico
723 2472 869 2512 autem
904 2467 1005 2513 sive
1039 2464 1238 2528 populari
1271 2478 1438 2526 genere
1473 2479 1658 2527 prorsus
1692 2479 1847 2511 carere
1863 2472 1866 2474 ’
1883 2479 1972 2511 ιιοιι
2006 2478 2258 2526 possumus,
2302 2479 2433 2526 quum

159 2553 346 2613 quisque
381 2552 493 2598 civis
528 2557 575 2597 ut
609 2552 676 2597 rei
709 2549 909 2613 publicae
944 2565 1047 2613 pars
1084 2556 1166 2607 est,
1201 2552 1259 2596 ita
1295 2551 1424 2595 etiam
1459 2549 1640 2596 honoris
1670 2549 1831 2610 aliquid
1861 2555 1906 2595 et
1935 2548 2157 2596 commodi
2185 2548 2287 2595 inde
2315 2564 2434 2595 nan-

160 2637 270 2684 cisci
304 2634 448 2683 debet
520 2632 773 2683 Cohibenda
808 2642 954 2701 tamen
989 2642 1059 2684 est
1093 2633 1357 2683 democratia
1392 2637 1525 2682 certis
1560 2633 1713 2682 finibus
1726 2669 1740 2693 ,
1788 2636 1890 2695 quia
1937 2633 2166 2682 multitudo
2213 2634 2434 2682 hominum

158 2733 377 2785 praeceps
413 2727 481 2770 est
514 2722 561 2768 in
596 2719 771 2782 agendo
807 2727 852 2768 et
885 2722 1132 2768 temeraria.
1145 2715 1176 2751 ⁴)

332 2804 462 2853 Haud
496 2807 640 2854 minus
673 2807 859 2867 insignis
894 2812 964 2853 est
997 2805 1227 2869 Archytae
1262 2804 1488 2852 Tarentini
1524 2803 1580 2852 de
1615 2803 1772 2851 eadem
1807 2816 1859 2850 re
1895 2802 2095 2851 doctrina
2130 2806 2176 2851 in
2209 2802 2330 2850 libris
2362 2801 2433 2848 De

158 2888 273 2953 lege
311 2897 358 2939 et
401 2889 472 2939 De
506 2892 666 2940 iustitia
701 2890 807 2939 olim
842 2893 1046 2955 exposita
1059 2926 1073 2952 ,
1121 2904 1307 2954 quorum
1346 2888 1566 2938 luculenta
1610 2888 1858 2951 fragmenta
1893 2895 2142 2952 supersunt.
2211 2886 2433 2949 Archytas

159 2973 330 3024 ibidem
358 2976 531 3025 disertis
565 2975 718 3025 verbis
752 2979 810 3024 ita
847 2983 1024 3024 censet:
1060 2983 1270 3040 oportere·
1303 2981 1348 3022 et
1379 2974 1509 3037 leges
1538 2981 1583 3022 et
1609 2989 1704 3022 rem
1733 2973 1951 3037 publicam
1980 2987 2044 3022 ex
2071 2972 2270 3021 omnibus
2295 2968 2435 3018 tribus

158 3057 403 3122 generibus
436 3061 633 3121 conflari,
666 3067 715 3109 ut
746 3059 907 3109 haheat
940 3061 1103 3125 aliquid
1136 3075 1199 3109 ex
1232 3059 1497 3108 democratia
1510 3093 1524 3119 ,
1559 3061 1665 3107 item
1698 3072 1760 3106 ex
1794 3057 2055 3120 oligarchia,
2088 3071 2172 3106 nec
2204 3056 2346 3102 minus
2371 3066 2437 3101 ex
