2588 3265
1271 77 1306 127 '7

145 269 238 326 tao,
269 269 316 312 et
350 260 979 328 quasimeracaeexemplnm
1011 258 1147 325 dedit,
1180 257 1631 324 quodemonstraret,
1656 259 2423 326 nequelibertatempoueadmix-

145 350 269 399 tione
296 348 442 412 aliqua
471 354 518 396 et
532 352 883 411 temperamento
899 359 1071 395 carere.
1104 343 1220 394 Nam
1239 360 1303 394 ex
1323 361 1411 410 quo
1433 347 1640 409 antiquae
1659 345 1870 396 libertatis
1889 346 2069 396 Atticae
2091 352 2424 411 temperamen-

145 440 255 494 ω,
281 434 554 482 aristocratia
572 429 812 496 prudenter
834 429 1046 491 numina,
1073 435 1175 494 post
1197 425 1369 494 persica
1396 429 1515 479 hena
1543 428 1709 478 anthari
1738 428 1796 478 oh
1823 432 2001 479 nimiam
2023 429 2423 496 ρκιὼροιειιιῑω

147 520 308 584 coepit,
342 516 551 567 >continuo
574 531 726 566 mores
750 514 1105 580 depravabantur
1128 521 1174 563 et
1192 529 1266 564 res
1289 514 1460 579 publica
1482 513 1681 564 moribus
1706 514 1958 579 depravatis
1976 517 2021 564 in
2036 519 2266 580 pernicem
2281 516 2419 567 ruiU’

318 603 593 651 Devenimus
614 604 703 650 iam
725 601 784 649 ad
805 599 1111 659 Aristotelem,
1140 614 1228 663 quo
1250 601 1365 647 inter
1387 614 1542 650 omnes
1572 602 1768 649 omnium
1797 606 1988 647 aetatum
2015 603 2255 665 scriptores
2286 617 2422 651 nemo

145 689 317 737 maiore
347 689 516 749 ingenii
534 688 741 735 acumine
776 693 850 734 aut
874 684 1132 734 eruditionis
1161 686 1288 748 copia
1316 683 1558 732 doctrinam
1585 685 1805 749 politicam
1833 686 2053 745 tractavit,
2086 692 2133 733 ut
2156 689 2252 751 ipso
2280 702 2423 752 prae-

138 776 403 827 ‚stantior-em
435 775 482 820 in
515 772 601 819 hac
635 772 834 820 doctrina
869 778 1207 836 praeceptorem
1241 773 1440 835 reperire
1473 786 1565 818 non
1598 772 1845 835 possimus,
1881 770 1964 819 sed
1998 770 2056 818 ad
2091 784 2221 834 quem
2255 774 2422 822 intelli-

144 858 340 922 gendum
373 859 594 907 severiori
627 857 773 907 studio
802 864 848 905 et
875 871 1013 921 opera
1040 871 1132 905 non
1161 855 1465 920 perfunctorie
1491 857 1708 904 collocata
1739 856 1816 904 vel
1846 856 1958 904 duce
1987 858 2108 904 viam
2137 857 2265 921 quasi
2292 872 2424 905 com-

145 951 418 995 monstrante
452 959 563 1007 opus
600 946 668 992 sit.
740 942 896 1007 Neque
931 946 1049 991 enim
1082 942 1280 991 verbosa
1313 941 1523 989 facilitate
1569 942 1782 989 lectorem
1824 943 1980 990 invitat
2024 956 2169 1005 neque
2212 945 2423 992 orationis

145 1045 306 1095 pompa
341 1037 415 1077 aut
448 1029 677 1077 lenociniis
712 1035 870 1091 captat,
906 1027 988 1076 sed
1021 1027 1263 1076 verborum
1296 1029 1342 1075 in
1374 1028 1567 1075 maxima
1603 1028 1919 1075 sententiarum
1954 1026 2166 1074 densitate
2201 1030 2423 1090 parcissi-

148 1129 247 1163 mus
283 1114 502 1162 indicandi
537 1116 739 1160 acumine
775 1119 821 1160 et
855 1112 1055 1160 ubertate
1090 1126 1238 1161 rerum
1274 1111 1467 1159 excellit.
1539 1111 1822 1174 Quapropter
1862 1113 2012 1158 mirari
2045 1110 2268 1183 interdum*
2293 1111 2423 1172 subit,

144 1198 401 1249 Aristotelis
448 1199 623 1260 politica
668 1199 784 1245 inter
829 1211 914 1245 nos
959 1197 1215 1260 plerumque
1262 1196 1338 1244 vel
1383 1195 1439 1242 ab
1485 1198 1539 1243 iis
1585 1196 1781 1257 negligi,
1825 1197 1900 1257 qui
1940 1194 2114 1256 legibus
2168 1202 2213 1241 et
2259 1195 2422 1244 iuribus

135 1282 470 1347 ,cognoscendis
507 1282 608 1329 data
644 1295 782 1345 opera
816 1280 992 1330 student
1026 1287 1071 1328 et
1115 1283 1199 1344 ipsi
1245 1280 1480 1344 aliquando
1528 1280 1656 1343 leges
1705 1295 1854 1328 rerum
1888 1279 2161 1344 publicarum
2195 1279 2424 1341 condituri,

143 1371 245 1416 iura
280 1368 575 1432 dispensaturi
609 1372 724 1414 sunt.
793 1365 925 1413 Adeo
960 1380 1079 1413 nunc
1111 1366 1331 1413 literarum
1369 1365 1555 1414 studiosi
1598 1365 1694 1414 aliis
1731 1364 1885 1415 studiis
1918 1365 1996 1414 vel
2029 1366 2173 1427 magis
2207 1379 2425 1414 necessa-

142 1454 221 1503 riis
244 1453 323 1501 vel
352 1453 495 1513 magis
525 1454 723 1499 amoenis
754 1450 1019 1512 detinentur,
1053 1451 1249 1500 nonnulli
1278 1455 1467 1500 fortasse
1498 1452 1630 1499 etiam
1658 1451 1864 1501 iuvenilis
1892 1452 2048 1500 aetatis
2074 1449 2280 1517 superbia
2308 1466 2426 1514 qua-

139 1538 249 1587 ,dam
284 1543 330 1585 et
364 1537 645 1598 ignoratione
680 1551 829 1585 rerum
864 1535 1159 1600 impediuntur
1194 1551 1281 1599 quo
1317 1538 1461 1585 minus
1490 1538 1655 1599 antiqui
1681 1540 1786 1586 aevi
1814 1539 2056 1602 sapientiae
2083 1537 2427 1601 cognoscendae

135 1637 314 1674 ‚vacare
348 1624 519 1687 possint
552 1621 766 1671 velintve.
839 1620 931 1670 Sed
964 1623 1011 1671 in
1044 1622 1165 1671 viam
1200 1620 1450 1681 redeamus,
1484 1620 1601 1668 unde
1637 1621 1895 1672 Aristotelis
1930 1623 2119 1683 studium
2148 1629 2194 1671 et
2223 1605 2423 1671 admira-

142 1709 206 1760 tio
241 1723 315 1758 me
349 1707 544 1757 fortasse
576 1721 668 1757 non
702 1708 809 1757 satis
845 1712 1091 1772 opportime
1126 1705 1333 1767 devertit,
1367 1711 1412 1754 et
1446 1705 1676 1757 videamus
1711 1706 1815 1772 quid
1847 1707 2131 1774 philosophus
2168 1708 2224 1758 de
2252 1724 2424 1774 genere

142 1810 295 1845 rerum
329 1792 599 1860 publicarum
634 1794 853 1858 permixto
890 1793 1105 1855 docuerit,
1139 1792 1213 1843 ubi
1240 1795 1429 1858 primum
1465 1793 1521 1843 de
1561 1794 1816 1844 Aristotelis
1851 1795 2094 1845 formarum
2129 1799 2196 1845 rei
2224 1796 2425 1862 publicae

145 1881 365 1931 divisione
400 1880 543 1929 verbo
578 1895 809 1928 monuero.

317 1966 585 2014 Aristoteles
620 1968 752 2029 igitur
782 1981 845 2013 ex
874 1968 1095 2014 communi
1124 1965 1441 2014 consuetudine
1469 1967 1551 2013 tria
1583 1980 1731 2013 rerum
1759 1966 2030 2030 publicarum
2059 1983 2230 2030 genera
2258 1975 2422 2032 statuit,

142 2056 258 2118 regii
293 2055 465 2115 imperii
493 2055 592 2100 sive
622 2051 920 2111 monarchiae,
956 2054 1273 2110 aristocratiae,
1311 2058 1356 2097 et
1389 2054 1560 2098 tertium
1590 2066 1731 2113 genus
1761 2055 1855 2099 eius
1887 2056 2090 2113 civitatis,
2120 2055 2297 2117 qualem
2326 2059 2421 2120 ipse

143 2140 335 2188 πολιτείαν
369 2138 628 2201 plerumque
674 2143 809 2185 vocat
854 2136 931 2184 vel
976 2138 1109 2183 etiam
1143 2151 1205 2183 ex
1239 2151 1376 2183 censu
1410 2137 1662 2195 τιμοκρατίαν,
1710 2152 1792 2186 nos
1827 2140 2006 2202 proprio
2042 2139 2251 2188 vocabuli
2286 2157 2421 2192 sensu

141 2238 241 2272 rem
274 2223 491 2287 publicam
527 2226 626 2272 sive
662 2222 974 2270 democratiam
1008 2222 1232 2285 appellare
1261 2225 1590 2271 consuevimus.
1642 2222 1734 2270 Iam
1763 2223 1937 2285 singula
1964 2223 2076 2272 haec
2103 2239 2274 2286 genera
2303 2244 2419 2291 pro-

141 2307 304 2357 babilia
338 2307 533 2356 declarat
567 2314 611 2354 et
644 2322 726 2371 pro
762 2321 813 2355 re
848 2313 950 2355 nata
985 2306 1275 2367 admittenda,
1312 2306 1544 2355 dummodo
1581 2321 1861 2355 communem
1899 2310 2092 2355 omnium
2132 2311 2297 2358 civium
2326 2314 2420 2360 uti-

141 2392 309 2440 litatem
342 2400 526 2441 servent
560 2400 605 2440 et
641 2393 698 2440 ad
723 2393 1000 2441 humanitatis
1028 2392 1342 2456 perfectionem
1377 2394 1476 2440 sive
1506 2394 1644 2440 vitam
1672 2392 1862 2453 beatam,
1897 2400 2103 2456 quantum
2132 2394 2230 2443 fieri
2259 2404 2419 2460 potest,

141 2477 434 2537 contendant3
470 2480 515 2526 in
536 2481 796 2527 universum
819 2486 965 2527 autem
986 2479 1139 2527 horum
1172 2480 1301 2525 trium
1328 2492 1545 2539 generum
1574 2480 1782 2541 optimum
1810 2478 1941 2525 habet
1962 2481 2195 2542 imperium
2224 2486 2416 2543 regium,

140 2562 292 2611 ultimo
328 2563 429 2612 loco
464 2563 722 2628 popularem
757 2571 916 2613 statum
949 2566 1082 2628 ponit.
1134 2563 1212 2612 His
1247 2562 1381 2611 tribus
1412 2562 1651 2625 generibus
1676 2562 1973 2628 probabilibus
2004 2572 2050 2613 et
2077 2565 2207 2615 bonis
2236 2568 2416 2616 totidem

142 2664 224 2696 sua
259 2652 416 2714 cuique
450 2651 656 2698 finitimae
691 2658 792 2699 sunt
827 2651 1195 2713 degenerationes
1230 2652 1327 2698 sive
1362 2649 1662 2698 aberrationes
1698 2651 2032 2711 (παρεκβάσεις);
2068 2656 2196 2715 regio
2231 2656 2414 2719 imperio

141 2737 360 2798 tyrannis,
397 2738 698 2784 aristocratiae
733 2733 990 2800 oligarchia,
1025 2737 1201 2800 politiae
1235 2738 1333 2784 sive
1368 2738 1663 2795 timocratiae,
1698 2735 1742 2781 id
1778 2744 1848 2784 est
1880 2737 2000 2785 bono
2037 2741 2167 2786 statui
2202 2740 2413 2803 populari,

138 2833 361 2884 ¹perversa
395 2820 593 2870 eiusdem
628 2822 873 2881 aberratio,
910 2837 1041 2884 quam
1075 2820 1336 2869 Aristoteles
1372 2819 1681 2870 democratiam
1718 2820 1846 2881 dicit,
1881 2837 1965 2870 nos
2001 2838 2103 2870 cum
2138 2823 2233 2873 aliis
2267 2826 2411 2887 scrip-

142 2904 313 2954 toribus
347 2908 522 2967 graecis
558 2907 868 2955 ochlocratiam
903 2910 1133 2955 nominare
1167 2906 1373 2955 solemus.

135 3040 137 3042 ,
318 2990 389 3037 De
433 3005 604 3054 genere
651 3000 797 3040 autem
843 3007 991 3040 rerum
1038 2993 1307 3057 publicarum
1351 2993 1491 3039 mixto
1525 2991 1792 3040 Aristoteles
1828 2991 2002 3056 duplice
2037 2995 2270 3043 occasione
2304 3007 2412 3042 usus

142 3078 405 3125 sententiam
439 3092 565 3126 suam
599 3077 785 3142 profert,
819 3080 1008 3142 primum
1041 3080 1086 3127 in
1120 3074 1392 3125 diiudicanda
1426 3077 1494 3124 rei
1527 3075 1728 3140 publicae
1743 3137 1747 3140 ι
1762 3075 1911 3126 forma
1946 3094 1974 3126 a
2007 3078 2188 3127 Platone
2216 3078 2262 3124 in
2288 3075 2413 3126 libris
