<?xml version="1.0" encoding="UTF-8"?>
<!DOCTYPE html PUBLIC "-//W3C//DTD XHTML 1.0 Transitional//EN"
    "http://www.w3.org/TR/xhtml1/DTD/xhtml1-transitional.dtd">
<html xmlns="http://www.w3.org/1999/xhtml" xml:lang="en" lang="en">
 <head>
  <title>
</title>
<meta http-equiv="Content-Type" content="text/html;charset=utf-8" />
  <meta name='ocr-system' content='tesseract 3.04.00' />
  <meta name='ocr-capabilities' content='ocr_page ocr_carea ocr_par ocr_line ocrx_word'/>
</head>
<body>
  <div class='ocr_page' id='page_1' title='image "4767259_0017.png"; bbox 0 0 2588 3265; ppageno 0'>
   <div class='ocr_carea' id='block_1_1' title="bbox 1244 85 1307 134">
    <p class='ocr_par' dir='ltr' id='par_1_1' title="bbox 1244 85 1307 134">
     <span class='ocr_line' id='line_1_1' title="bbox 1244 85 1307 134; baseline 0 0"><span class='ocrx_word' id='word_1_1' title='bbox 1244 85 1307 134; x_wconf 84' lang='lat'><strong>11</strong></span> 
     </span>
    </p>
   </div>
   <div class='ocr_carea' id='block_1_2' title="bbox 1139 164 1413 174">
    <p class='ocr_par' dir='ltr' id='par_1_2' title="bbox 1139 164 1413 174">
     <span class='ocr_line' id='line_1_2' title="bbox 1139 164 1413 174; baseline 0 3091"><span class='ocrx_word' id='word_1_2' title='bbox 1139 164 1413 174; x_wconf 95' lang='lat' dir='ltr'><strong> </strong></span> 
     </span>
    </p>
   </div>
   <div class='ocr_carea' id='block_1_3' title="bbox 129 266 2416 3139">
    <p class='ocr_par' dir='ltr' id='par_1_3' title="bbox 129 266 2416 3139">
     <span class='ocr_line' id='line_1_3' title="bbox 139 266 2416 332; baseline 0 -13"><span class='ocrx_word' id='word_1_3' title='bbox 139 273 223 319; x_wconf 72' lang='lat' dir='ltr'><strong>rite</strong></span> <span class='ocrx_word' id='word_1_4' title='bbox 257 270 502 327; x_wconf 77' lang='lat' dir='ltr'><strong>coaluisse3</strong></span> <span class='ocrx_word' id='word_1_5' title='bbox 546 269 689 332; x_wconf 75' lang='lat' dir='ltr'><strong>qualis</strong></span> <span class='ocrx_word' id='word_1_6' title='bbox 722 267 1171 317; x_wconf 71' lang='lat' dir='ltr'><strong>Lacedaemoniorum</strong></span> <span class='ocrx_word' id='word_1_7' title='bbox 1201 274 1301 315; x_wconf 87' lang='lat' dir='ltr'><strong>erat</strong></span> <span class='ocrx_word' id='word_1_8' title='bbox 1334 266 1582 330; x_wconf 81' lang='lat' dir='ltr'><strong>respublica</strong></span> <span class='ocrx_word' id='word_1_9' title='bbox 1616 267 1748 316; x_wconf 91' lang='lat' dir='ltr'><strong>modo</strong></span> <span class='ocrx_word' id='word_1_10' title='bbox 1781 268 2050 330; x_wconf 77' lang='lat' dir='ltr'><strong>oligarchiae</strong></span> <span class='ocrx_word' id='word_1_11' title='bbox 2090 268 2222 322; x_wconf 87' lang='lat' dir='ltr'><strong>modo</strong></span> <span class='ocrx_word' id='word_1_12' title='bbox 2252 271 2416 320; x_wconf 80' lang='lat' dir='ltr'><strong>demo-</strong></span> 
     </span>
     <span class='ocr_line' id='line_1_4' title="bbox 142 351 2415 419; baseline 0 -14"><span class='ocrx_word' id='word_1_13' title='bbox 142 358 309 405; x_wconf 72' lang='lat' dir='ltr'><strong>cratiae</strong></span> <span class='ocrx_word' id='word_1_14' title='bbox 342 357 522 402; x_wconf 82' lang='lat' dir='ltr'><strong>nomine</strong></span> <span class='ocrx_word' id='word_1_15' title='bbox 556 353 785 416; x_wconf 83' lang='lat' dir='ltr'><strong>appellata.</strong></span> <span class='ocrx_word' id='word_1_16' title='bbox 854 352 1060 400; x_wconf 83' lang='lat' dir='ltr'><strong>Alterum</strong></span> <span class='ocrx_word' id='word_1_17' title='bbox 1093 351 1240 400; x_wconf 85' lang='lat' dir='ltr'><strong>bonae</strong></span> <span class='ocrx_word' id='word_1_18' title='bbox 1272 354 1578 415; x_wconf 80' lang='lat' dir='ltr'><strong>permixtionis</strong></span> <span class='ocrx_word' id='word_1_19' title='bbox 1613 360 1658 399; x_wconf 90' lang='lat' dir='ltr'><strong>et</strong></span> <span class='ocrx_word' id='word_1_20' title='bbox 1685 353 1902 401; x_wconf 87' lang='lat' dir='ltr'><strong>commodi</strong></span> <span class='ocrx_word' id='word_1_21' title='bbox 1930 357 1976 401; x_wconf 93' lang='lat' dir='ltr'><strong>in</strong></span> <span class='ocrx_word' id='word_1_22' title='bbox 2004 355 2155 417; x_wconf 86' lang='lat' dir='ltr'><strong>politia</strong></span> <span class='ocrx_word' id='word_1_23' title='bbox 2184 363 2415 419; x_wconf 75' lang='lat' dir='ltr'><strong>tempera-</strong></span> 
     </span>
     <span class='ocr_line' id='line_1_5' title="bbox 139 437 2413 501; baseline 0.001 -13"><span class='ocrx_word' id='word_1_24' title='bbox 139 443 275 489; x_wconf 86' lang='lat' dir='ltr'><strong>menti</strong></span> <span class='ocrx_word' id='word_1_25' title='bbox 310 439 619 488; x_wconf 80' lang='lat' dir='ltr'><strong>documentum</strong></span> <span class='ocrx_word' id='word_1_26' title='bbox 654 439 740 486; x_wconf 92' lang='lat' dir='ltr'><strong>hoc</strong></span> <span class='ocrx_word' id='word_1_27' title='bbox 774 445 868 498; x_wconf 90' lang='lat' dir='ltr'><strong>est,</strong></span> <span class='ocrx_word' id='word_1_28' title='bbox 903 439 943 487; x_wconf 88' lang='lat' dir='ltr'><strong>si</strong></span> <span class='ocrx_word' id='word_1_29' title='bbox 974 437 1194 486; x_wconf 87' lang='lat' dir='ltr'><strong>eiusmodi</strong></span> <span class='ocrx_word' id='word_1_30' title='bbox 1228 437 1376 501; x_wconf 88' lang='lat' dir='ltr'><strong>politia</strong></span> <span class='ocrx_word' id='word_1_31' title='bbox 1409 440 1502 487; x_wconf 87' lang='lat' dir='ltr'><strong>suis</strong></span> <span class='ocrx_word' id='word_1_32' title='bbox 1537 439 1673 501; x_wconf 91' lang='lat' dir='ltr'><strong>ipsius</strong></span> <span class='ocrx_word' id='word_1_33' title='bbox 1709 438 1875 486; x_wconf 86' lang='lat' dir='ltr'><strong>viribus</strong></span> <span class='ocrx_word' id='word_1_34' title='bbox 1912 442 2014 487; x_wconf 86' lang='lat' dir='ltr'><strong>nixa</strong></span> <span class='ocrx_word' id='word_1_35' title='bbox 2028 476 2043 499; x_wconf 96' lang='lat'><strong>,</strong></span> <span class='ocrx_word' id='word_1_36' title='bbox 2091 440 2263 488; x_wconf 87' lang='lat' dir='ltr'><strong>civibus</strong></span> <span class='ocrx_word' id='word_1_37' title='bbox 2299 451 2413 490; x_wconf 88' lang='lat' dir='ltr'><strong>statu</strong></span> 
     </span>
     <span class='ocr_line' id='line_1_6' title="bbox 138 524 2412 588; baseline 0 -15"><span class='ocrx_word' id='word_1_38' title='bbox 138 528 206 573; x_wconf 88' lang='lat' dir='ltr'><strong>rei</strong></span> <span class='ocrx_word' id='word_1_39' title='bbox 240 525 439 588; x_wconf 83' lang='lat' dir='ltr'><strong>publicae</strong></span> <span class='ocrx_word' id='word_1_40' title='bbox 475 527 715 582; x_wconf 86' lang='lat' dir='ltr'><strong>contentis,</strong></span> <span class='ocrx_word' id='word_1_41' title='bbox 751 531 959 572; x_wconf 88' lang='lat' dir='ltr'><strong>servetur</strong></span> <span class='ocrx_word' id='word_1_42' title='bbox 993 530 1038 570; x_wconf 91' lang='lat' dir='ltr'><strong>et</strong></span> <span class='ocrx_word' id='word_1_43' title='bbox 1071 530 1366 582; x_wconf 69' lang='lat' dir='ltr'><strong>sustentetur,</strong></span> <span class='ocrx_word' id='word_1_44' title='bbox 1399 537 1543 584; x_wconf 90' lang='lat' dir='ltr'><strong>neque</strong></span> <span class='ocrx_word' id='word_1_45' title='bbox 1578 524 1666 570; x_wconf 90' lang='lat' dir='ltr'><strong>ulla</strong></span> <span class='ocrx_word' id='word_1_46' title='bbox 1704 530 1917 571; x_wconf 88' lang='lat' dir='ltr'><strong>extranea</strong></span> <span class='ocrx_word' id='word_1_47' title='bbox 1953 540 2037 587; x_wconf 90' lang='lat' dir='ltr'><strong>ope</strong></span> <span class='ocrx_word' id='word_1_48' title='bbox 2071 533 2118 572; x_wconf 92' lang='lat' dir='ltr'><strong>et</strong></span> <span class='ocrx_word' id='word_1_49' title='bbox 2153 527 2318 573; x_wconf 85' lang='lat' dir='ltr'><strong>auxilio</strong></span> <span class='ocrx_word' id='word_1_50' title='bbox 2353 528 2412 575; x_wconf 83' lang='lat' dir='ltr'><strong>ad</strong></span> 
     </span>
     <span class='ocr_line' id='line_1_7' title="bbox 139 605 2414 670; baseline 0 -12"><span class='ocrx_word' id='word_1_51' title='bbox 139 613 207 658; x_wconf 82' lang='lat' dir='ltr'><strong>sui</strong></span> <span class='ocrx_word' id='word_1_52' title='bbox 255 612 641 657; x_wconf 85' lang='lat' dir='ltr'><strong>conservationem</strong></span> <span class='ocrx_word' id='word_1_53' title='bbox 687 605 857 670; x_wconf 57' lang='lat' dir='ltr'><strong>egetffl)</strong></span> <span class='ocrx_word' id='word_1_54' title='bbox 929 608 1101 654; x_wconf 84' lang='lat' dir='ltr'><strong>Eadem</strong></span> <span class='ocrx_word' id='word_1_55' title='bbox 1143 614 1297 654; x_wconf 87' lang='lat' dir='ltr'><strong>rectae</strong></span> <span class='ocrx_word' id='word_1_56' title='bbox 1338 610 1639 670; x_wconf 82' lang='lat' dir='ltr'><strong>permixtionis</strong></span> <span class='ocrx_word' id='word_1_57' title='bbox 1686 610 1799 654; x_wconf 91' lang='lat' dir='ltr'><strong>ratio</strong></span> <span class='ocrx_word' id='word_1_58' title='bbox 1846 610 1891 653; x_wconf 92' lang='lat' dir='ltr'><strong>in</strong></span> <span class='ocrx_word' id='word_1_59' title='bbox 1926 610 2072 670; x_wconf 90' lang='lat' dir='ltr'><strong>politia</strong></span> <span class='ocrx_word' id='word_1_60' title='bbox 2108 612 2414 659; x_wconf 88' lang='lat' dir='ltr'><strong>constituenda</strong></span> 
     </span>
     <span class='ocr_line' id='line_1_8' title="bbox 139 693 2413 758; baseline 0.001 -16"><span class='ocrx_word' id='word_1_61' title='bbox 139 696 271 742; x_wconf 86' lang='lat' dir='ltr'><strong>etiam</strong></span> <span class='ocrx_word' id='word_1_62' title='bbox 316 694 402 742; x_wconf 88' lang='lat' dir='ltr'><strong>hoc</strong></span> <span class='ocrx_word' id='word_1_63' title='bbox 448 694 581 741; x_wconf 92' lang='lat' dir='ltr'><strong>modo</strong></span> <span class='ocrx_word' id='word_1_64' title='bbox 629 696 819 757; x_wconf 86' lang='lat' dir='ltr'><strong>perspici</strong></span> <span class='ocrx_word' id='word_1_65' title='bbox 864 700 1023 758; x_wconf 88' lang='lat' dir='ltr'><strong>potest.</strong></span> <span class='ocrx_word' id='word_1_66' title='bbox 1093 693 1143 740; x_wconf 91' lang='lat' dir='ltr'><strong>In</strong></span> <span class='ocrx_word' id='word_1_67' title='bbox 1178 695 1297 740; x_wconf 91' lang='lat' dir='ltr'><strong>omni</strong></span> <span class='ocrx_word' id='word_1_68' title='bbox 1332 695 1448 740; x_wconf 91' lang='lat' dir='ltr'><strong>enim</strong></span> <span class='ocrx_word' id='word_1_69' title='bbox 1483 695 1659 740; x_wconf 87' lang='lat' dir='ltr'><strong>civitate</strong></span> <span class='ocrx_word' id='word_1_70' title='bbox 1694 693 1944 741; x_wconf 88' lang='lat' dir='ltr'><strong>discrimina</strong></span> <span class='ocrx_word' id='word_1_71' title='bbox 1980 701 2081 741; x_wconf 90' lang='lat' dir='ltr'><strong>sunt</strong></span> <span class='ocrx_word' id='word_1_72' title='bbox 2116 697 2329 757; x_wconf 81' lang='lat' dir='ltr'><strong>qualitatis</strong></span> <span class='ocrx_word' id='word_1_73' title='bbox 2365 705 2413 745; x_wconf 88' lang='lat' dir='ltr'><strong>et</strong></span> 
     </span>
     <span class='ocr_line' id='line_1_9' title="bbox 140 778 2410 842; baseline 0.001 -16"><span class='ocrx_word' id='word_1_74' title='bbox 140 782 412 842; x_wconf 70' lang='lat' dir='ltr'><strong>quantitatis:</strong></span> <span class='ocrx_word' id='word_1_75' title='bbox 449 780 701 841; x_wconf 83' lang='lat' dir='ltr'><strong>qualitatem</strong></span> <span class='ocrx_word' id='word_1_76' title='bbox 736 779 833 826; x_wconf 90' lang='lat' dir='ltr'><strong>dico</strong></span> <span class='ocrx_word' id='word_1_77' title='bbox 869 786 916 826; x_wconf 94' lang='lat' dir='ltr'><strong>ut</strong></span> <span class='ocrx_word' id='word_1_78' title='bbox 949 780 1209 836; x_wconf 85' lang='lat' dir='ltr'><strong>libertatem,</strong></span> <span class='ocrx_word' id='word_1_79' title='bbox 1245 791 1441 836; x_wconf 89' lang='lat' dir='ltr'><strong>censum,</strong></span> <span class='ocrx_word' id='word_1_80' title='bbox 1477 778 1734 836; x_wconf 73' lang='lat' dir='ltr'><strong>doctrinam,</strong></span> <span class='ocrx_word' id='word_1_81' title='bbox 1769 779 1963 837; x_wconf 86' lang='lat' dir='ltr'><strong>natales;</strong></span> <span class='ocrx_word' id='word_1_82' title='bbox 2000 783 2281 841; x_wconf 84' lang='lat' dir='ltr'><strong>quantitatem</strong></span> <span class='ocrx_word' id='word_1_83' title='bbox 2311 783 2410 830; x_wconf 83' lang='lat' dir='ltr'><strong>dico</strong></span> 
     </span>
     <span class='ocr_line' id='line_1_10' title="bbox 137 863 2412 928; baseline 0.001 -16"><span class='ocrx_word' id='word_1_84' title='bbox 137 879 370 912; x_wconf 87' lang='lat' dir='ltr'><strong>numerum</strong></span> <span class='ocrx_word' id='word_1_85' title='bbox 406 879 587 924; x_wconf 86' lang='lat' dir='ltr'><strong>eorum,</strong></span> <span class='ocrx_word' id='word_1_86' title='bbox 636 866 708 928; x_wconf 91' lang='lat' dir='ltr'><strong>qui</strong></span> <span class='ocrx_word' id='word_1_87' title='bbox 755 864 866 912; x_wconf 86' lang='lat' dir='ltr'><strong>haec</strong></span> <span class='ocrx_word' id='word_1_88' title='bbox 901 863 1017 912; x_wconf 88' lang='lat' dir='ltr'><strong>bona</strong></span> <span class='ocrx_word' id='word_1_89' title='bbox 1051 863 1129 913; x_wconf 84' lang='lat' dir='ltr'><strong>vel</strong></span> <span class='ocrx_word' id='word_1_90' title='bbox 1161 864 1421 927; x_wconf 88' lang='lat' dir='ltr'><strong>participant</strong></span> <span class='ocrx_word' id='word_1_91' title='bbox 1455 863 1531 910; x_wconf 87' lang='lat' dir='ltr'><strong>vel</strong></span> <span class='ocrx_word' id='word_1_92' title='bbox 1565 863 1719 910; x_wconf 88' lang='lat' dir='ltr'><strong>iisdem</strong></span> <span class='ocrx_word' id='word_1_93' title='bbox 1755 871 1918 911; x_wconf 89' lang='lat' dir='ltr'><strong>carent.</strong></span> <span class='ocrx_word' id='word_1_94' title='bbox 1990 864 2081 911; x_wconf 91' lang='lat' dir='ltr'><strong>Iam</strong></span> <span class='ocrx_word' id='word_1_95' title='bbox 2118 865 2173 913; x_wconf 90' lang='lat' dir='ltr'><strong>ad</strong></span> <span class='ocrx_word' id='word_1_96' title='bbox 2209 865 2412 914; x_wconf 87' lang='lat' dir='ltr'><strong>stabilem</strong></span> 
     </span>
     <span class='ocr_line' id='line_1_11' title="bbox 138 948 2412 1014; baseline 0.001 -17"><span class='ocrx_word' id='word_1_97' title='bbox 138 956 182 997; x_wconf 93' lang='lat' dir='ltr'><strong>et</strong></span> <span class='ocrx_word' id='word_1_98' title='bbox 219 950 463 997; x_wconf 87' lang='lat' dir='ltr'><strong>diuturnam</strong></span> <span class='ocrx_word' id='word_1_99' title='bbox 498 951 692 1013; x_wconf 89' lang='lat' dir='ltr'><strong>politiam</strong></span> <span class='ocrx_word' id='word_1_100' title='bbox 728 949 1029 1009; x_wconf 88' lang='lat' dir='ltr'><strong>condendam,</strong></span> <span class='ocrx_word' id='word_1_101' title='bbox 1073 950 1159 997; x_wconf 90' lang='lat' dir='ltr'><strong>hoc</strong></span> <span class='ocrx_word' id='word_1_102' title='bbox 1193 956 1295 996; x_wconf 91' lang='lat' dir='ltr'><strong>ante</strong></span> <span class='ocrx_word' id='word_1_103' title='bbox 1330 950 1475 996; x_wconf 88' lang='lat' dir='ltr'><strong>omnia</strong></span> <span class='ocrx_word' id='word_1_104' title='bbox 1511 948 1795 1011; x_wconf 90' lang='lat' dir='ltr'><strong>spectandum</strong></span> <span class='ocrx_word' id='word_1_105' title='bbox 1831 956 1923 1008; x_wconf 87' lang='lat' dir='ltr'><strong>est,</strong></span> <span class='ocrx_word' id='word_1_106' title='bbox 1967 956 2015 996; x_wconf 91' lang='lat' dir='ltr'><strong>ut</strong></span> <span class='ocrx_word' id='word_1_107' title='bbox 2047 950 2158 997; x_wconf 88' lang='lat' dir='ltr'><strong>haec</strong></span> <span class='ocrx_word' id='word_1_108' title='bbox 2193 952 2412 1014; x_wconf 84' lang='lat' dir='ltr'><strong>qualitatis</strong></span> 
     </span>
     <span class='ocr_line' id='line_1_12' title="bbox 138 1033 2409 1098; baseline 0.001 -16"><span class='ocrx_word' id='word_1_109' title='bbox 138 1042 182 1082; x_wconf 86' lang='lat' dir='ltr'><strong>et</strong></span> <span class='ocrx_word' id='word_1_110' title='bbox 218 1037 464 1097; x_wconf 84' lang='lat' dir='ltr'><strong>quantitatis</strong></span> <span class='ocrx_word' id='word_1_111' title='bbox 502 1035 750 1083; x_wconf 88' lang='lat' dir='ltr'><strong>discrimina</strong></span> <span class='ocrx_word' id='word_1_112' title='bbox 786 1038 898 1083; x_wconf 91' lang='lat' dir='ltr'><strong>iusta</strong></span> <span class='ocrx_word' id='word_1_113' title='bbox 933 1037 1219 1098; x_wconf 86' lang='lat' dir='ltr'><strong>proportione</strong></span> <span class='ocrx_word' id='word_1_114' title='bbox 1254 1037 1298 1081; x_wconf 91' lang='lat' dir='ltr'><strong>in</strong></span> <span class='ocrx_word' id='word_1_115' title='bbox 1334 1036 1517 1096; x_wconf 88' lang='lat' dir='ltr'><strong>imperio</strong></span> <span class='ocrx_word' id='word_1_116' title='bbox 1560 1033 1864 1081; x_wconf 86' lang='lat' dir='ltr'><strong>constituendo</strong></span> <span class='ocrx_word' id='word_1_117' title='bbox 1909 1043 2225 1096; x_wconf 82' lang='lat' dir='ltr'><strong>exaequentur.</strong></span> <span class='ocrx_word' id='word_1_118' title='bbox 2294 1037 2409 1084; x_wconf 92' lang='lat' dir='ltr'><strong>Nam</strong></span> 
     </span>
     <span class='ocr_line' id='line_1_13' title="bbox 137 1119 2409 1183; baseline 0.001 -15"><span class='ocrx_word' id='word_1_119' title='bbox 137 1123 176 1169; x_wconf 87' lang='lat' dir='ltr'><strong>si</strong></span> <span class='ocrx_word' id='word_1_120' title='bbox 210 1121 328 1168; x_wconf 89' lang='lat' dir='ltr'><strong>nulla</strong></span> <span class='ocrx_word' id='word_1_121' title='bbox 364 1136 523 1169; x_wconf 88' lang='lat' dir='ltr'><strong>census</strong></span> <span class='ocrx_word' id='word_1_122' title='bbox 559 1129 603 1168; x_wconf 89' lang='lat' dir='ltr'><strong>et</strong></span> <span class='ocrx_word' id='word_1_123' title='bbox 639 1121 864 1169; x_wconf 89' lang='lat' dir='ltr'><strong>doctrinae</strong></span> <span class='ocrx_word' id='word_1_124' title='bbox 909 1123 1080 1168; x_wconf 90' lang='lat' dir='ltr'><strong>ratione</strong></span> <span class='ocrx_word' id='word_1_125' title='bbox 1125 1119 1269 1167; x_wconf 90' lang='lat' dir='ltr'><strong>habita</strong></span> <span class='ocrx_word' id='word_1_126' title='bbox 1316 1119 1493 1182; x_wconf 87' lang='lat' dir='ltr'><strong>quilibet</strong></span> <span class='ocrx_word' id='word_1_127' title='bbox 1538 1119 1792 1166; x_wconf 86' lang='lat' dir='ltr'><strong>tantundem</strong></span> <span class='ocrx_word' id='word_1_128' title='bbox 1838 1122 1883 1166; x_wconf 88' lang='lat' dir='ltr'><strong>in</strong></span> <span class='ocrx_word' id='word_1_129' title='bbox 1917 1133 1968 1166; x_wconf 88' lang='lat' dir='ltr'><strong>re</strong></span> <span class='ocrx_word' id='word_1_130' title='bbox 2004 1119 2176 1182; x_wconf 89' lang='lat' dir='ltr'><strong>publiea</strong></span> <span class='ocrx_word' id='word_1_131' title='bbox 2211 1123 2409 1183; x_wconf 83' lang='lat' dir='ltr'><strong>gerenda</strong></span> 
     </span>
     <span class='ocr_line' id='line_1_14' title="bbox 136 1205 2407 1273; baseline 0.001 -21"><span class='ocrx_word' id='word_1_132' title='bbox 136 1206 258 1253; x_wconf 85' lang='lat' dir='ltr'><strong>valet</strong></span> <span class='ocrx_word' id='word_1_133' title='bbox 290 1214 420 1269; x_wconf 88' lang='lat' dir='ltr'><strong>atque</strong></span> <span class='ocrx_word' id='word_1_134' title='bbox 456 1210 493 1254; x_wconf 91' lang='lat' dir='ltr'><strong>si</strong></span> <span class='ocrx_word' id='word_1_135' title='bbox 528 1222 666 1273; x_wconf 86' lang='lat' dir='ltr'><strong>penes</strong></span> <span class='ocrx_word' id='word_1_136' title='bbox 703 1209 914 1253; x_wconf 90' lang='lat' dir='ltr'><strong>maiorem</strong></span> <span class='ocrx_word' id='word_1_137' title='bbox 951 1221 1181 1253; x_wconf 88' lang='lat' dir='ltr'><strong>numerum</strong></span> <span class='ocrx_word' id='word_1_138' title='bbox 1216 1212 1260 1252; x_wconf 92' lang='lat' dir='ltr'><strong>et</strong></span> <span class='ocrx_word' id='word_1_139' title='bbox 1293 1207 1536 1267; x_wconf 86' lang='lat' dir='ltr'><strong>imperitam</strong></span> <span class='ocrx_word' id='word_1_140' title='bbox 1572 1205 1885 1251; x_wconf 88' lang='lat' dir='ltr'><strong>multitudinem</strong></span> <span class='ocrx_word' id='word_1_141' title='bbox 1920 1207 2151 1267; x_wconf 88' lang='lat' dir='ltr'><strong>imperium</strong></span> <span class='ocrx_word' id='word_1_142' title='bbox 2187 1213 2277 1264; x_wconf 89' lang='lat' dir='ltr'><strong>est,</strong></span> <span class='ocrx_word' id='word_1_143' title='bbox 2319 1215 2407 1254; x_wconf 91' lang='lat' dir='ltr'><strong>tum</strong></span> 
     </span>
     <span class='ocr_line' id='line_1_15' title="bbox 136 1288 2409 1352; baseline 0.001 -16"><span class='ocrx_word' id='word_1_144' title='bbox 136 1304 258 1337; x_wconf 90' lang='lat' dir='ltr'><strong>mera</strong></span> <span class='ocrx_word' id='word_1_145' title='bbox 294 1290 562 1338; x_wconf 85' lang='lat' dir='ltr'><strong>democratia</strong></span> <span class='ocrx_word' id='word_1_146' title='bbox 598 1293 760 1349; x_wconf 88' lang='lat' dir='ltr'><strong>existit,</strong></span> <span class='ocrx_word' id='word_1_147' title='bbox 796 1305 1058 1352; x_wconf 87' lang='lat' dir='ltr'><strong>perversum</strong></span> <span class='ocrx_word' id='word_1_148' title='bbox 1093 1297 1137 1336; x_wconf 93' lang='lat' dir='ltr'><strong>et</strong></span> <span class='ocrx_word' id='word_1_149' title='bbox 1170 1291 1375 1336; x_wconf 91' lang='lat' dir='ltr'><strong>iniustum</strong></span> <span class='ocrx_word' id='word_1_150' title='bbox 1409 1292 1475 1336; x_wconf 90' lang='lat' dir='ltr'><strong>rei</strong></span> <span class='ocrx_word' id='word_1_151' title='bbox 1510 1288 1710 1351; x_wconf 90' lang='lat' dir='ltr'><strong>publicae</strong></span> <span class='ocrx_word' id='word_1_152' title='bbox 1746 1303 1905 1349; x_wconf 82' lang='lat' dir='ltr'><strong>genus,</strong></span> <span class='ocrx_word' id='word_1_153' title='bbox 1941 1288 2119 1351; x_wconf 89' lang='lat' dir='ltr'><strong>politiae</strong></span> <span class='ocrx_word' id='word_1_154' title='bbox 2155 1289 2409 1351; x_wconf 86' lang='lat' dir='ltr'><strong>degenera-</strong></span> 
     </span>
     <span class='ocr_line' id='line_1_16' title="bbox 135 1373 2409 1437; baseline 0.001 -17"><span class='ocrx_word' id='word_1_155' title='bbox 135 1375 208 1420; x_wconf 86' lang='lat' dir='ltr'><strong>tio.</strong></span> <span class='ocrx_word' id='word_1_156' title='bbox 279 1374 357 1421; x_wconf 89' lang='lat' dir='ltr'><strong>Sin</strong></span> <span class='ocrx_word' id='word_1_157' title='bbox 391 1377 534 1437; x_wconf 86' lang='lat' dir='ltr'><strong>pauci,</strong></span> <span class='ocrx_word' id='word_1_158' title='bbox 570 1374 740 1437; x_wconf 90' lang='lat' dir='ltr'><strong>opibus,</strong></span> <span class='ocrx_word' id='word_1_159' title='bbox 775 1373 1014 1433; x_wconf 90' lang='lat' dir='ltr'><strong>natalibus,</strong></span> <span class='ocrx_word' id='word_1_160' title='bbox 1050 1373 1247 1421; x_wconf 89' lang='lat' dir='ltr'><strong>doctrina</strong></span> <span class='ocrx_word' id='word_1_161' title='bbox 1282 1374 1601 1437; x_wconf 85' lang='lat' dir='ltr'><strong>praecellentes</strong></span> <span class='ocrx_word' id='word_1_162' title='bbox 1637 1374 1720 1421; x_wconf 91' lang='lat' dir='ltr'><strong>soli</strong></span> <span class='ocrx_word' id='word_1_163' title='bbox 1756 1376 1984 1437; x_wconf 90' lang='lat' dir='ltr'><strong>imperium</strong></span> <span class='ocrx_word' id='word_1_164' title='bbox 2019 1380 2171 1420; x_wconf 88' lang='lat' dir='ltr'><strong>tenent</strong></span> <span class='ocrx_word' id='word_1_165' title='bbox 2207 1382 2250 1421; x_wconf 91' lang='lat' dir='ltr'><strong>et</strong></span> <span class='ocrx_word' id='word_1_166' title='bbox 2285 1377 2409 1437; x_wconf 88' lang='lat' dir='ltr'><strong>quasi</strong></span> 
     </span>
     <span class='ocr_line' id='line_1_17' title="bbox 136 1457 2409 1521; baseline 0.001 -16"><span class='ocrx_word' id='word_1_167' title='bbox 136 1457 425 1518; x_wconf 87' lang='lat' dir='ltr'><strong>dominantur,</strong></span> <span class='ocrx_word' id='word_1_168' title='bbox 462 1461 581 1506; x_wconf 90' lang='lat' dir='ltr'><strong>omni</strong></span> <span class='ocrx_word' id='word_1_169' title='bbox 615 1460 783 1521; x_wconf 87' lang='lat' dir='ltr'><strong>reliqua</strong></span> <span class='ocrx_word' id='word_1_170' title='bbox 813 1461 976 1507; x_wconf 88' lang='lat' dir='ltr'><strong>civium</strong></span> <span class='ocrx_word' id='word_1_171' title='bbox 1005 1459 1275 1507; x_wconf 90' lang='lat' dir='ltr'><strong>multitudine</strong></span> <span class='ocrx_word' id='word_1_172' title='bbox 1305 1460 1503 1519; x_wconf 86' lang='lat' dir='ltr'><strong>exclusa,</strong></span> <span class='ocrx_word' id='word_1_173' title='bbox 1532 1466 1622 1506; x_wconf 91' lang='lat' dir='ltr'><strong>tum</strong></span> <span class='ocrx_word' id='word_1_174' title='bbox 1651 1459 1892 1520; x_wconf 86' lang='lat' dir='ltr'><strong>oligarchia</strong></span> <span class='ocrx_word' id='word_1_175' title='bbox 1923 1459 2120 1518; x_wconf 86' lang='lat' dir='ltr'><strong>efficitur,</strong></span> <span class='ocrx_word' id='word_1_176' title='bbox 2154 1475 2244 1507; x_wconf 90' lang='lat' dir='ltr'><strong>non</strong></span> <span class='ocrx_word' id='word_1_177' title='bbox 2265 1463 2409 1508; x_wconf 91' lang='lat' dir='ltr'><strong>minus</strong></span> 
     </span>
     <span class='ocr_line' id='line_1_18' title="bbox 132 1543 2408 1608; baseline 0.001 -17"><span class='ocrx_word' id='word_1_178' title='bbox 132 1558 395 1608; x_wconf 85' lang='lat' dir='ltr'><strong>perversum</strong></span> <span class='ocrx_word' id='word_1_179' title='bbox 431 1559 571 1606; x_wconf 86' lang='lat' dir='ltr'><strong>genus</strong></span> <span class='ocrx_word' id='word_1_180' title='bbox 606 1558 751 1606; x_wconf 91' lang='lat' dir='ltr'><strong>neque</strong></span> <span class='ocrx_word' id='word_1_181' title='bbox 788 1543 1050 1604; x_wconf 89' lang='lat' dir='ltr'><strong>diuturnum,</strong></span> <span class='ocrx_word' id='word_1_182' title='bbox 1086 1546 1186 1606; x_wconf 91' lang='lat' dir='ltr'><strong>quia</strong></span> <span class='ocrx_word' id='word_1_183' title='bbox 1220 1551 1310 1591; x_wconf 92' lang='lat' dir='ltr'><strong>tam</strong></span> <span class='ocrx_word' id='word_1_184' title='bbox 1343 1558 1580 1592; x_wconf 89' lang='lat' dir='ltr'><strong>numerosa</strong></span> <span class='ocrx_word' id='word_1_185' title='bbox 1615 1547 1777 1593; x_wconf 88' lang='lat' dir='ltr'><strong>civium</strong></span> <span class='ocrx_word' id='word_1_186' title='bbox 1813 1543 2040 1592; x_wconf 90' lang='lat' dir='ltr'><strong>multitudo</strong></span> <span class='ocrx_word' id='word_1_187' title='bbox 2076 1561 2101 1591; x_wconf 91' lang='lat' dir='ltr'><strong>a</strong></span> <span class='ocrx_word' id='word_1_188' title='bbox 2136 1547 2290 1608; x_wconf 84' lang='lat' dir='ltr'><strong>paucis</strong></span> <span class='ocrx_word' id='word_1_189' title='bbox 2318 1545 2408 1594; x_wconf 90' lang='lat' dir='ltr'><strong>do·-</strong></span> 
     </span>
     <span class='ocr_line' id='line_1_19' title="bbox 132 1629 2405 1693; baseline 0.001 -16"><span class='ocrx_word' id='word_1_190' title='bbox 132 1631 261 1679; x_wconf 90' lang='lat' dir='ltr'><strong>minis</strong></span> <span class='ocrx_word' id='word_1_191' title='bbox 297 1630 379 1678; x_wconf 92' lang='lat' dir='ltr'><strong>sibi</strong></span> <span class='ocrx_word' id='word_1_192' title='bbox 414 1632 637 1693; x_wconf 90' lang='lat' dir='ltr'><strong>imperari,</strong></span> <span class='ocrx_word' id='word_1_193' title='bbox 675 1632 777 1692; x_wconf 87' lang='lat' dir='ltr'><strong>quin</strong></span> <span class='ocrx_word' id='word_1_194' title='bbox 812 1631 895 1693; x_wconf 89' lang='lat' dir='ltr'><strong>ipsi</strong></span> <span class='ocrx_word' id='word_1_195' title='bbox 930 1630 1118 1692; x_wconf 88' lang='lat' dir='ltr'><strong>aliquam</strong></span> <span class='ocrx_word' id='word_1_196' title='bbox 1151 1631 1323 1692; x_wconf 90' lang='lat' dir='ltr'><strong>imperii</strong></span> <span class='ocrx_word' id='word_1_197' title='bbox 1356 1635 1525 1692; x_wconf 88' lang='lat' dir='ltr'><strong>partem</strong></span> <span class='ocrx_word' id='word_1_198' title='bbox 1560 1629 1775 1688; x_wconf 89' lang='lat' dir='ltr'><strong>habeant,</strong></span> <span class='ocrx_word' id='word_1_199' title='bbox 1819 1644 1910 1677; x_wconf 90' lang='lat' dir='ltr'><strong>non</strong></span> <span class='ocrx_word' id='word_1_200' title='bbox 1945 1629 2017 1677; x_wconf 90' lang='lat' dir='ltr'><strong>diu</strong></span> <span class='ocrx_word' id='word_1_201' title='bbox 2052 1632 2283 1693; x_wconf 79' lang='lat' dir='ltr'><strong>patiuntur,</strong></span> <span class='ocrx_word' id='word_1_202' title='bbox 2355 1631 2405 1679; x_wconf 91' lang='lat' dir='ltr'><strong>In</strong></span> 
     </span>
     <span class='ocr_line' id='line_1_20' title="bbox 131 1713 2407 1776; baseline -0 -13"><span class='ocrx_word' id='word_1_203' title='bbox 131 1715 250 1763; x_wconf 82' lang='lat' dir='ltr'><strong>bono</strong></span> <span class='ocrx_word' id='word_1_204' title='bbox 287 1722 433 1762; x_wconf 91' lang='lat' dir='ltr'><strong>autem</strong></span> <span class='ocrx_word' id='word_1_205' title='bbox 466 1716 541 1763; x_wconf 90' lang='lat' dir='ltr'><strong>illo</strong></span> <span class='ocrx_word' id='word_1_206' title='bbox 578 1722 621 1761; x_wconf 90' lang='lat' dir='ltr'><strong>et</strong></span> <span class='ocrx_word' id='word_1_207' title='bbox 655 1714 858 1762; x_wconf 87' lang='lat' dir='ltr'><strong>laudabili</strong></span> <span class='ocrx_word' id='word_1_208' title='bbox 893 1728 1061 1775; x_wconf 84' lang='lat' dir='ltr'><strong>genere</strong></span> <span class='ocrx_word' id='word_1_209' title='bbox 1097 1714 1274 1776; x_wconf 88' lang='lat' dir='ltr'><strong>politiae</strong></span> <span class='ocrx_word' id='word_1_210' title='bbox 1310 1713 1365 1761; x_wconf 90' lang='lat' dir='ltr'><strong>ab</strong></span> <span class='ocrx_word' id='word_1_211' title='bbox 1399 1714 1465 1761; x_wconf 88' lang='lat' dir='ltr'><strong>his</strong></span> <span class='ocrx_word' id='word_1_212' title='bbox 1501 1713 1613 1761; x_wconf 90' lang='lat' dir='ltr'><strong>binis</strong></span> <span class='ocrx_word' id='word_1_213' title='bbox 1643 1716 1855 1761; x_wconf 88' lang='lat' dir='ltr'><strong>extremis</strong></span> <span class='ocrx_word' id='word_1_214' title='bbox 1886 1714 2123 1775; x_wconf 85' lang='lat' dir='ltr'><strong>generibus</strong></span> <span class='ocrx_word' id='word_1_215' title='bbox 2154 1729 2293 1776; x_wconf 87' lang='lat' dir='ltr'><strong>aeque</strong></span> <span class='ocrx_word' id='word_1_216' title='bbox 2323 1730 2407 1762; x_wconf 89' lang='lat' dir='ltr'><strong>re-</strong></span> 
     </span>
     <span class='ocr_line' id='line_1_21' title="bbox 134 1798 2408 1864; baseline -0.001 -16"><span class='ocrx_word' id='word_1_217' title='bbox 134 1800 291 1861; x_wconf 89' lang='lat' dir='ltr'><strong>ducto,</strong></span> <span class='ocrx_word' id='word_1_218' title='bbox 339 1816 484 1864; x_wconf 89' lang='lat' dir='ltr'><strong>neque</strong></span> <span class='ocrx_word' id='word_1_219' title='bbox 532 1802 694 1848; x_wconf 88' lang='lat' dir='ltr'><strong>civium</strong></span> <span class='ocrx_word' id='word_1_220' title='bbox 740 1799 965 1847; x_wconf 88' lang='lat' dir='ltr'><strong>multitudo</strong></span> <span class='ocrx_word' id='word_1_221' title='bbox 1001 1798 1056 1846; x_wconf 90' lang='lat' dir='ltr'><strong>ab</strong></span> <span class='ocrx_word' id='word_1_222' title='bbox 1091 1800 1260 1862; x_wconf 88' lang='lat' dir='ltr'><strong>imperii</strong></span> <span class='ocrx_word' id='word_1_223' title='bbox 1294 1801 1623 1862; x_wconf 86' lang='lat' dir='ltr'><strong>participatione</strong></span> <span class='ocrx_word' id='word_1_224' title='bbox 1659 1799 1907 1846; x_wconf 86' lang='lat' dir='ltr'><strong>excluditur</strong></span> <span class='ocrx_word' id='word_1_225' title='bbox 1943 1808 1987 1845; x_wconf 87' lang='lat' dir='ltr'><strong>et</strong></span> <span class='ocrx_word' id='word_1_226' title='bbox 2022 1803 2163 1846; x_wconf 90' lang='lat' dir='ltr'><strong>minor</strong></span> <span class='ocrx_word' id='word_1_227' title='bbox 2199 1816 2408 1847; x_wconf 89' lang='lat' dir='ltr'><strong>numerus</strong></span> 
     </span>
     <span class='ocr_line' id='line_1_22' title="bbox 131 1885 2409 1950; baseline -0.001 -16"><span class='ocrx_word' id='word_1_228' title='bbox 131 1891 498 1950; x_wconf 87' lang='lat' dir='ltr'><strong>praestantiorum</strong></span> <span class='ocrx_word' id='word_1_229' title='bbox 533 1890 697 1933; x_wconf 90' lang='lat' dir='ltr'><strong>civium</strong></span> <span class='ocrx_word' id='word_1_230' title='bbox 733 1887 790 1933; x_wconf 90' lang='lat' dir='ltr'><strong>ob</strong></span> <span class='ocrx_word' id='word_1_231' title='bbox 827 1888 940 1933; x_wconf 88' lang='lat' dir='ltr'><strong>hanc</strong></span> <span class='ocrx_word' id='word_1_232' title='bbox 974 1889 1113 1948; x_wconf 87' lang='lat' dir='ltr'><strong>ipsam</strong></span> <span class='ocrx_word' id='word_1_233' title='bbox 1150 1885 1457 1932; x_wconf 86' lang='lat' dir='ltr'><strong>excellentiam</strong></span> <span class='ocrx_word' id='word_1_234' title='bbox 1492 1888 1606 1933; x_wconf 89' lang='lat' dir='ltr'><strong>iusto</strong></span> <span class='ocrx_word' id='word_1_235' title='bbox 1642 1886 1903 1933; x_wconf 90' lang='lat' dir='ltr'><strong>libramento</strong></span> <span class='ocrx_word' id='word_1_236' title='bbox 1940 1886 2017 1933; x_wconf 88' lang='lat' dir='ltr'><strong>vel</strong></span> <span class='ocrx_word' id='word_1_237' title='bbox 2053 1889 2207 1932; x_wconf 86' lang='lat' dir='ltr'><strong>maiori</strong></span> <span class='ocrx_word' id='word_1_238' title='bbox 2244 1889 2409 1932; x_wconf 82' lang='lat' dir='ltr'><strong>civium</strong></span> 
     </span>
     <span class='ocr_line' id='line_1_23' title="bbox 132 1969 2408 2034; baseline -0.002 -14"><span class='ocrx_word' id='word_1_239' title='bbox 132 1987 318 2020; x_wconf 89' lang='lat' dir='ltr'><strong>numero</strong></span> <span class='ocrx_word' id='word_1_240' title='bbox 356 1973 689 2034; x_wconf 56' lang='lat' dir='ltr'><strong>aequiparatum</strong></span> <span class='ocrx_word' id='word_1_241' title='bbox 725 1971 805 2018; x_wconf 90' lang='lat' dir='ltr'><strong>sed</strong></span> <span class='ocrx_word' id='word_1_242' title='bbox 841 1973 1079 2017; x_wconf 89' lang='lat' dir='ltr'><strong>maximam</strong></span> <span class='ocrx_word' id='word_1_243' title='bbox 1114 1971 1283 2032; x_wconf 89' lang='lat' dir='ltr'><strong>imperii</strong></span> <span class='ocrx_word' id='word_1_244' title='bbox 1318 1972 1408 2016; x_wconf 89' lang='lat' dir='ltr'><strong>vim</strong></span> <span class='ocrx_word' id='word_1_245' title='bbox 1444 1972 1489 2015; x_wconf 91' lang='lat' dir='ltr'><strong>in</strong></span> <span class='ocrx_word' id='word_1_246' title='bbox 1524 1969 1693 2015; x_wconf 90' lang='lat' dir='ltr'><strong>civibus</strong></span> <span class='ocrx_word' id='word_1_247' title='bbox 1723 1969 1854 2014; x_wconf 90' lang='lat' dir='ltr'><strong>medii</strong></span> <span class='ocrx_word' id='word_1_248' title='bbox 1883 1972 1999 2014; x_wconf 89' lang='lat' dir='ltr'><strong>inter</strong></span> <span class='ocrx_word' id='word_1_249' title='bbox 2027 1971 2332 2031; x_wconf 88' lang='lat' dir='ltr'><strong>pauperrimos</strong></span> <span class='ocrx_word' id='word_1_250' title='bbox 2362 1975 2408 2016; x_wconf 92' lang='lat' dir='ltr'><strong>et</strong></span> 
     </span>
     <span class='ocr_line' id='line_1_24' title="bbox 134 2050 2408 2117; baseline -0.001 -13"><span class='ocrx_word' id='word_1_251' title='bbox 134 2056 367 2105; x_wconf 88' lang='lat' dir='ltr'><strong>ditissimos</strong></span> <span class='ocrx_word' id='word_1_252' title='bbox 414 2070 574 2103; x_wconf 90' lang='lat' dir='ltr'><strong>census</strong></span> <span class='ocrx_word' id='word_1_253' title='bbox 621 2057 748 2103; x_wconf 88' lang='lat' dir='ltr'><strong>sitam</strong></span> <span class='ocrx_word' id='word_1_254' title='bbox 784 2069 885 2103; x_wconf 90' lang='lat' dir='ltr'><strong>esse</strong></span> <span class='ocrx_word' id='word_1_255' title='bbox 921 2062 1119 2117; x_wconf 78' lang='lat' dir='ltr'><strong>oportet,</strong></span> <span class='ocrx_word' id='word_1_256' title='bbox 1167 2056 1263 2102; x_wconf 90' lang='lat' dir='ltr'><strong>sine</strong></span> <span class='ocrx_word' id='word_1_257' title='bbox 1310 2068 1496 2115; x_wconf 90' lang='lat' dir='ltr'><strong>quorum</strong></span> <span class='ocrx_word' id='word_1_258' title='bbox 1539 2052 1735 2116; x_wconf 89' lang='lat' dir='ltr'><strong>pondere</strong></span> <span class='ocrx_word' id='word_1_259' title='bbox 1782 2050 2040 2100; x_wconf 83' lang='lat' dir='ltr'><strong>intermedio</strong></span> <span class='ocrx_word' id='word_1_260' title='bbox 2077 2059 2150 2100; x_wconf 90' lang='lat' dir='ltr'><strong>aut</strong></span> <span class='ocrx_word' id='word_1_261' title='bbox 2185 2067 2408 2116; x_wconf 89' lang='lat' dir='ltr'><strong>pauperes</strong></span> 
     </span>
     <span class='ocr_line' id='line_1_25' title="bbox 132 2139 2408 2204; baseline -0.002 -15"><span class='ocrx_word' id='word_1_262' title='bbox 132 2141 415 2204; x_wconf 84' lang='lat' dir='ltr'><strong>praevalituri</strong></span> <span class='ocrx_word' id='word_1_263' title='bbox 450 2146 551 2189; x_wconf 89' lang='lat' dir='ltr'><strong>sunt</strong></span> <span class='ocrx_word' id='word_1_264' title='bbox 586 2146 737 2188; x_wconf 78' lang='lat' dir='ltr'><strong>contra</strong></span> <span class='ocrx_word' id='word_1_265' title='bbox 774 2140 952 2188; x_wconf 88' lang='lat' dir='ltr'><strong>ditiores</strong></span> <span class='ocrx_word' id='word_1_266' title='bbox 988 2152 1156 2201; x_wconf 87' lang='lat' dir='ltr'><strong>eosque</strong></span> <span class='ocrx_word' id='word_1_267' title='bbox 1186 2141 1453 2201; x_wconf 72' lang='lat' dir='ltr'><strong>oppressuri,</strong></span> <span class='ocrx_word' id='word_1_268' title='bbox 1489 2145 1562 2185; x_wconf 91' lang='lat' dir='ltr'><strong>aut</strong></span> <span class='ocrx_word' id='word_1_269' title='bbox 1589 2141 1780 2186; x_wconf 89' lang='lat' dir='ltr'><strong>invicem</strong></span> <span class='ocrx_word' id='word_1_270' title='bbox 1810 2139 2107 2201; x_wconf 88' lang='lat' dir='ltr'><strong>opulentiores</strong></span> <span class='ocrx_word' id='word_1_271' title='bbox 2137 2139 2262 2186; x_wconf 90' lang='lat' dir='ltr'><strong>cives</strong></span> <span class='ocrx_word' id='word_1_272' title='bbox 2290 2152 2408 2185; x_wconf 90' lang='lat' dir='ltr'><strong>con-</strong></span> 
     </span>
     <span class='ocr_line' id='line_1_26' title="bbox 132 2219 2409 2288; baseline -0.001 -15"><span class='ocrx_word' id='word_1_273' title='bbox 132 2232 199 2273; x_wconf 86' lang='lat' dir='ltr'><strong>tra</strong></span> <span class='ocrx_word' id='word_1_274' title='bbox 234 2238 464 2288; x_wconf 74' lang='lat' dir='ltr'><strong>pauperes</strong></span> <span class='ocrx_word' id='word_1_275' title='bbox 479 2219 526 2253; x_wconf 73' lang='lat'><strong>¹⁵)</strong></span> <span class='ocrx_word' id='word_1_276' title='bbox 599 2224 695 2281; x_wconf 87' lang='lat' dir='ltr'><strong>Quo</strong></span> <span class='ocrx_word' id='word_1_277' title='bbox 745 2223 899 2271; x_wconf 88' lang='lat' dir='ltr'><strong>melior</strong></span> <span class='ocrx_word' id='word_1_278' title='bbox 946 2230 1091 2270; x_wconf 91' lang='lat' dir='ltr'><strong>autem</strong></span> <span class='ocrx_word' id='word_1_279' title='bbox 1136 2222 1247 2269; x_wconf 88' lang='lat' dir='ltr'><strong>haec</strong></span> <span class='ocrx_word' id='word_1_280' title='bbox 1282 2224 1543 2284; x_wconf 81' lang='lat' dir='ltr'><strong>permixtiO,</strong></span> <span class='ocrx_word' id='word_1_281' title='bbox 1593 2236 1678 2284; x_wconf 90' lang='lat' dir='ltr'><strong>quo</strong></span> <span class='ocrx_word' id='word_1_282' title='bbox 1715 2224 1856 2284; x_wconf 88' lang='lat' dir='ltr'><strong>aptius</strong></span> <span class='ocrx_word' id='word_1_283' title='bbox 1891 2221 1976 2269; x_wconf 91' lang='lat' dir='ltr'><strong>hoc</strong></span> <span class='ocrx_word' id='word_1_284' title='bbox 2011 2228 2409 2284; x_wconf 88' lang='lat' dir='ltr'><strong>temperamentum</strong></span> 
     </span>
     <span class='ocr_line' id='line_1_27' title="bbox 134 2306 2408 2371; baseline -0.001 -13"><span class='ocrx_word' id='word_1_285' title='bbox 134 2310 333 2370; x_wconf 86' lang='lat' dir='ltr'><strong>efficitur,</strong></span> <span class='ocrx_word' id='word_1_286' title='bbox 368 2324 423 2358; x_wconf 91' lang='lat' dir='ltr'><strong>eo</strong></span> <span class='ocrx_word' id='word_1_287' title='bbox 460 2311 601 2371; x_wconf 85' lang='lat' dir='ltr'><strong>magis</strong></span> <span class='ocrx_word' id='word_1_288' title='bbox 637 2308 862 2357; x_wconf 89' lang='lat' dir='ltr'><strong>diuturnus</strong></span> <span class='ocrx_word' id='word_1_289' title='bbox 899 2316 943 2357; x_wconf 89' lang='lat' dir='ltr'><strong>et</strong></span> <span class='ocrx_word' id='word_1_290' title='bbox 976 2310 1263 2357; x_wconf 88' lang='lat' dir='ltr'><strong>inconcussus</strong></span> <span class='ocrx_word' id='word_1_291' title='bbox 1298 2314 1524 2371; x_wconf 89' lang='lat' dir='ltr'><strong>permanet</strong></span> <span class='ocrx_word' id='word_1_292' title='bbox 1559 2309 1747 2355; x_wconf 88' lang='lat' dir='ltr'><strong>civitatis</strong></span> <span class='ocrx_word' id='word_1_293' title='bbox 1783 2313 1932 2356; x_wconf 89' lang='lat' dir='ltr'><strong>status.</strong></span> <span class='ocrx_word' id='word_1_294' title='bbox 2003 2306 2075 2354; x_wconf 92' lang='lat' dir='ltr'><strong>Ab</strong></span> <span class='ocrx_word' id='word_1_295' title='bbox 2111 2309 2163 2355; x_wconf 88' lang='lat' dir='ltr'><strong>iis</strong></span> <span class='ocrx_word' id='word_1_296' title='bbox 2200 2310 2275 2369; x_wconf 88' lang='lat' dir='ltr'><strong>qui</strong></span> <span class='ocrx_word' id='word_1_297' title='bbox 2310 2309 2408 2355; x_wconf 88' lang='lat' dir='ltr'><strong>ari-</strong></span> 
     </span>
     <span class='ocr_line' id='line_1_28' title="bbox 133 2392 2409 2455; baseline -0.002 -13"><span class='ocrx_word' id='word_1_298' title='bbox 133 2398 385 2442; x_wconf 85' lang='lat' dir='ltr'><strong>stocratiam</strong></span> <span class='ocrx_word' id='word_1_299' title='bbox 409 2401 632 2441; x_wconf 89' lang='lat' dir='ltr'><strong>sectantur</strong></span> <span class='ocrx_word' id='word_1_300' title='bbox 653 2394 767 2441; x_wconf 91' lang='lat' dir='ltr'><strong>haud</strong></span> <span class='ocrx_word' id='word_1_301' title='bbox 795 2409 897 2441; x_wconf 89' lang='lat' dir='ltr'><strong>raro</strong></span> <span class='ocrx_word' id='word_1_302' title='bbox 926 2400 1135 2455; x_wconf 84' lang='lat' dir='ltr'><strong>peccatur</strong></span> <span class='ocrx_word' id='word_1_303' title='bbox 1162 2407 1252 2440; x_wconf 92' lang='lat' dir='ltr'><strong>non</strong></span> <span class='ocrx_word' id='word_1_304' title='bbox 1281 2393 1422 2440; x_wconf 93' lang='lat' dir='ltr'><strong>solum</strong></span> <span class='ocrx_word' id='word_1_305' title='bbox 1451 2392 1568 2453; x_wconf 92' lang='lat' dir='ltr'><strong>quod</strong></span> <span class='ocrx_word' id='word_1_306' title='bbox 1597 2392 1873 2453; x_wconf 88' lang='lat' dir='ltr'><strong>optimatibus</strong></span> <span class='ocrx_word' id='word_1_307' title='bbox 1896 2392 1992 2452; x_wconf 89' lang='lat' dir='ltr'><strong>plus</strong></span> <span class='ocrx_word' id='word_1_308' title='bbox 2022 2405 2166 2452; x_wconf 90' lang='lat' dir='ltr'><strong>aequo</strong></span> <span class='ocrx_word' id='word_1_309' title='bbox 2196 2392 2409 2450; x_wconf 87' lang='lat' dir='ltr'><strong>tribuunt,</strong></span> 
     </span>
     <span class='ocr_line' id='line_1_29' title="bbox 132 2475 2406 2541; baseline -0.003 -14"><span class='ocrx_word' id='word_1_310' title='bbox 132 2477 212 2527; x_wconf 89' lang='lat' dir='ltr'><strong>sed</strong></span> <span class='ocrx_word' id='word_1_311' title='bbox 246 2481 377 2526; x_wconf 90' lang='lat' dir='ltr'><strong>etiam</strong></span> <span class='ocrx_word' id='word_1_312' title='bbox 414 2477 531 2541; x_wconf 88' lang='lat' dir='ltr'><strong>quod</strong></span> <span class='ocrx_word' id='word_1_313' title='bbox 566 2480 746 2541; x_wconf 91' lang='lat' dir='ltr'><strong>insuper</strong></span> <span class='ocrx_word' id='word_1_314' title='bbox 778 2477 953 2541; x_wconf 86' lang='lat' dir='ltr'><strong>plebem</strong></span> <span class='ocrx_word' id='word_1_315' title='bbox 988 2476 1221 2525; x_wconf 85' lang='lat' dir='ltr'><strong>offendunt.</strong></span> <span class='ocrx_word' id='word_1_316' title='bbox 1291 2475 1437 2524; x_wconf 90' lang='lat' dir='ltr'><strong>Plebis</strong></span> <span class='ocrx_word' id='word_1_317' title='bbox 1478 2477 1524 2523; x_wconf 95' lang='lat' dir='ltr'><strong>in</strong></span> <span class='ocrx_word' id='word_1_318' title='bbox 1559 2475 1674 2523; x_wconf 90' lang='lat' dir='ltr'><strong>bene</strong></span> <span class='ocrx_word' id='word_1_319' title='bbox 1709 2481 1949 2538; x_wconf 89' lang='lat' dir='ltr'><strong>temperata</strong></span> <span class='ocrx_word' id='word_1_320' title='bbox 1985 2475 2136 2538; x_wconf 87' lang='lat' dir='ltr'><strong>politia</strong></span> <span class='ocrx_word' id='word_1_321' title='bbox 2171 2478 2284 2523; x_wconf 90' lang='lat' dir='ltr'><strong>ratio</strong></span> <span class='ocrx_word' id='word_1_322' title='bbox 2318 2476 2406 2522; x_wconf 91' lang='lat' dir='ltr'><strong>ha—</strong></span> 
     </span>
     <span class='ocr_line' id='line_1_30' title="bbox 130 2559 2407 2627; baseline -0.001 -17"><span class='ocrx_word' id='word_1_323' title='bbox 130 2562 276 2611; x_wconf 88' lang='lat' dir='ltr'><strong>benda</strong></span> <span class='ocrx_word' id='word_1_324' title='bbox 311 2571 381 2613; x_wconf 89' lang='lat' dir='ltr'><strong>est</strong></span> <span class='ocrx_word' id='word_1_325' title='bbox 414 2564 481 2611; x_wconf 90' lang='lat' dir='ltr'><strong>his</strong></span> <span class='ocrx_word' id='word_1_326' title='bbox 517 2566 707 2626; x_wconf 90' lang='lat' dir='ltr'><strong>quinque</strong></span> <span class='ocrx_word' id='word_1_327' title='bbox 746 2563 965 2627; x_wconf 88' lang='lat' dir='ltr'><strong>partibus:</strong></span> <span class='ocrx_word' id='word_1_328' title='bbox 1002 2565 1047 2610; x_wconf 94' lang='lat' dir='ltr'><strong>in</strong></span> <span class='ocrx_word' id='word_1_329' title='bbox 1082 2563 1272 2610; x_wconf 89' lang='lat' dir='ltr'><strong>ecclesia</strong></span> <span class='ocrx_word' id='word_1_330' title='bbox 1306 2563 1404 2610; x_wconf 86' lang='lat' dir='ltr'><strong>sive</strong></span> <span class='ocrx_word' id='word_1_331' title='bbox 1434 2563 1619 2609; x_wconf 87' lang='lat' dir='ltr'><strong>comitiis</strong></span> <span class='ocrx_word' id='word_1_332' title='bbox 1647 2559 1977 2623; x_wconf 69' lang='lat' dir='ltr'><strong>participandis,</strong></span> <span class='ocrx_word' id='word_1_333' title='bbox 2011 2562 2057 2607; x_wconf 90' lang='lat' dir='ltr'><strong>in</strong></span> <span class='ocrx_word' id='word_1_334' title='bbox 2080 2560 2407 2622; x_wconf 86' lang='lat' dir='ltr'><strong>magistratibus</strong></span> 
     </span>
     <span class='ocr_line' id='line_1_31' title="bbox 132 2645 2403 2710; baseline -0.001 -16"><span class='ocrx_word' id='word_1_335' title='bbox 132 2649 374 2710; x_wconf 74' lang='lat' dir='ltr'><strong>eligendi53</strong></span> <span class='ocrx_word' id='word_1_336' title='bbox 410 2653 454 2696; x_wconf 88' lang='lat' dir='ltr'><strong>in</strong></span> <span class='ocrx_word' id='word_1_337' title='bbox 489 2649 659 2697; x_wconf 90' lang='lat' dir='ltr'><strong>iudiciis</strong></span> <span class='ocrx_word' id='word_1_338' title='bbox 695 2648 1035 2707; x_wconf 81' lang='lat' dir='ltr'><strong>constituendis3</strong></span> <span class='ocrx_word' id='word_1_339' title='bbox 1077 2651 1122 2694; x_wconf 90' lang='lat' dir='ltr'><strong>in</strong></span> <span class='ocrx_word' id='word_1_340' title='bbox 1157 2661 1378 2695; x_wconf 89' lang='lat' dir='ltr'><strong>armorum</strong></span> <span class='ocrx_word' id='word_1_341' title='bbox 1412 2661 1497 2693; x_wconf 91' lang='lat' dir='ltr'><strong>usu</strong></span> <span class='ocrx_word' id='word_1_342' title='bbox 1530 2654 1574 2692; x_wconf 91' lang='lat' dir='ltr'><strong>et</strong></span> <span class='ocrx_word' id='word_1_343' title='bbox 1608 2649 1652 2692; x_wconf 90' lang='lat' dir='ltr'><strong>in</strong></span> <span class='ocrx_word' id='word_1_344' title='bbox 1686 2646 1843 2708; x_wconf 88' lang='lat' dir='ltr'><strong>puerili</strong></span> <span class='ocrx_word' id='word_1_345' title='bbox 1877 2649 2145 2692; x_wconf 89' lang='lat' dir='ltr'><strong>institutione</strong></span> <span class='ocrx_word' id='word_1_346' title='bbox 2180 2645 2403 2706; x_wconf 84' lang='lat' dir='ltr'><strong>regendis.</strong></span> 
     </span>
     <span class='ocr_line' id='line_1_32' title="bbox 133 2730 2405 2795; baseline -0.002 -14"><span class='ocrx_word' id='word_1_347' title='bbox 133 2731 328 2782; x_wconf 82' lang='lat' dir='ltr'><strong>Comitiis</strong></span> <span class='ocrx_word' id='word_1_348' title='bbox 362 2737 580 2783; x_wconf 89' lang='lat' dir='ltr'><strong>interesse</strong></span> <span class='ocrx_word' id='word_1_349' title='bbox 616 2733 815 2782; x_wconf 88' lang='lat' dir='ltr'><strong>omnibus</strong></span> <span class='ocrx_word' id='word_1_350' title='bbox 851 2733 1022 2781; x_wconf 88' lang='lat' dir='ltr'><strong>civibus</strong></span> <span class='ocrx_word' id='word_1_351' title='bbox 1058 2735 1235 2781; x_wconf 90' lang='lat' dir='ltr'><strong>omnino</strong></span> <span class='ocrx_word' id='word_1_352' title='bbox 1270 2733 1425 2790; x_wconf 67' lang='lat' dir='ltr'><strong>liceat,</strong></span> <span class='ocrx_word' id='word_1_353' title='bbox 1459 2746 1603 2795; x_wconf 87' lang='lat' dir='ltr'><strong>poena</strong></span> <span class='ocrx_word' id='word_1_354' title='bbox 1637 2733 1674 2778; x_wconf 93' lang='lat' dir='ltr'><strong>si</strong></span> <span class='ocrx_word' id='word_1_355' title='bbox 1709 2746 1799 2778; x_wconf 91' lang='lat' dir='ltr'><strong>non</strong></span> <span class='ocrx_word' id='word_1_356' title='bbox 1837 2733 2041 2778; x_wconf 90' lang='lat' dir='ltr'><strong>intersint</strong></span> <span class='ocrx_word' id='word_1_357' title='bbox 2077 2731 2220 2779; x_wconf 89' lang='lat' dir='ltr'><strong>solum</strong></span> <span class='ocrx_word' id='word_1_358' title='bbox 2251 2730 2405 2778; x_wconf 90' lang='lat' dir='ltr'><strong>diviti-</strong></span> 
     </span>
     <span class='ocr_line' id='line_1_33' title="bbox 129 2815 2402 2883; baseline -0.002 -16"><span class='ocrx_word' id='word_1_359' title='bbox 129 2818 212 2868; x_wconf 87' lang='lat' dir='ltr'><strong>bus</strong></span> <span class='ocrx_word' id='word_1_360' title='bbox 256 2821 514 2883; x_wconf 83' lang='lat' dir='ltr'><strong>imponatur.</strong></span> <span class='ocrx_word' id='word_1_361' title='bbox 585 2819 769 2867; x_wconf 87' lang='lat' dir='ltr'><strong>Munera</strong></span> <span class='ocrx_word' id='word_1_362' title='bbox 816 2819 987 2883; x_wconf 84' lang='lat' dir='ltr'><strong>publica</strong></span> <span class='ocrx_word' id='word_1_363' title='bbox 1032 2821 1425 2880; x_wconf 84' lang='lat' dir='ltr'><strong>magistratuumve</strong></span> <span class='ocrx_word' id='word_1_364' title='bbox 1473 2818 1665 2865; x_wconf 89' lang='lat' dir='ltr'><strong>honores</strong></span> <span class='ocrx_word' id='word_1_365' title='bbox 1713 2815 1959 2863; x_wconf 87' lang='lat' dir='ltr'><strong>detrectare</strong></span> <span class='ocrx_word' id='word_1_366' title='bbox 1996 2818 2049 2863; x_wconf 91' lang='lat' dir='ltr'><strong>iis</strong></span> <span class='ocrx_word' id='word_1_367' title='bbox 2087 2815 2257 2863; x_wconf 91' lang='lat' dir='ltr'><strong>civibus</strong></span> <span class='ocrx_word' id='word_1_368' title='bbox 2270 2849 2284 2873; x_wconf 96' lang='lat'><strong>,</strong></span> <span class='ocrx_word' id='word_1_369' title='bbox 2331 2816 2402 2875; x_wconf 87' lang='lat' dir='ltr'><strong>qui</strong></span> 
     </span>
     <span class='ocr_line' id='line_1_34' title="bbox 129 2900 2403 2966; baseline -0.004 -14"><span class='ocrx_word' id='word_1_370' title='bbox 129 2906 417 2952; x_wconf 78' lang='lat' dir='ltr'><strong>sufficientem</strong></span> <span class='ocrx_word' id='word_1_371' title='bbox 463 2906 623 2952; x_wconf 75' lang='lat' dir='ltr'><strong>habent</strong></span> <span class='ocrx_word' id='word_1_372' title='bbox 668 2919 877 2964; x_wconf 84' lang='lat' dir='ltr'><strong>censum,</strong></span> <span class='ocrx_word' id='word_1_373' title='bbox 922 2919 982 2951; x_wconf 85' lang='lat' dir='ltr'><strong>ne</strong></span> <span class='ocrx_word' id='word_1_374' title='bbox 1015 2906 1170 2963; x_wconf 84' lang='lat' dir='ltr'><strong>liceat,</strong></span> <span class='ocrx_word' id='word_1_375' title='bbox 1217 2903 1547 2966; x_wconf 87' lang='lat' dir='ltr'><strong>pauperioribus</strong></span> <span class='ocrx_word' id='word_1_376' title='bbox 1594 2903 1736 2948; x_wconf 86' lang='lat' dir='ltr'><strong>liceat.</strong></span> <span class='ocrx_word' id='word_1_377' title='bbox 1807 2901 2019 2962; x_wconf 87' lang='lat' dir='ltr'><strong>Idemque</strong></span> <span class='ocrx_word' id='word_1_378' title='bbox 2058 2900 2115 2946; x_wconf 86' lang='lat' dir='ltr'><strong>de</strong></span> <span class='ocrx_word' id='word_1_379' title='bbox 2149 2900 2403 2946; x_wconf 85' lang='lat' dir='ltr'><strong>iudiciorum</strong></span> 
     </span>
     <span class='ocr_line' id='line_1_35' title="bbox 129 2985 2404 3054; baseline -0.003 -18"><span class='ocrx_word' id='word_1_380' title='bbox 129 2989 403 3052; x_wconf 81' lang='lat' dir='ltr'><strong>popularium</strong></span> <span class='ocrx_word' id='word_1_381' title='bbox 448 2992 778 3054; x_wconf 80' lang='lat' dir='ltr'><strong>participatione</strong></span> <span class='ocrx_word' id='word_1_382' title='bbox 823 2990 982 3037; x_wconf 82' lang='lat' dir='ltr'><strong>valeat.</strong></span> <span class='ocrx_word' id='word_1_383' title='bbox 1053 2989 1130 3037; x_wconf 84' lang='lat' dir='ltr'><strong>Ad</strong></span> <span class='ocrx_word' id='word_1_384' title='bbox 1173 3002 1396 3035; x_wconf 84' lang='lat' dir='ltr'><strong>armorum</strong></span> <span class='ocrx_word' id='word_1_385' title='bbox 1445 3003 1571 3035; x_wconf 89' lang='lat' dir='ltr'><strong>usum</strong></span> <span class='ocrx_word' id='word_1_386' title='bbox 1619 2993 1664 3032; x_wconf 90' lang='lat' dir='ltr'><strong>et</strong></span> <span class='ocrx_word' id='word_1_387' title='bbox 1706 2988 2046 3049; x_wconf 75' lang='lat' dir='ltr'><strong>gymnasiorum</strong></span> <span class='ocrx_word' id='word_1_388' title='bbox 2092 2985 2404 3032; x_wconf 75' lang='lat' dir='ltr'><strong>institutionem</strong></span> 
     </span>
     <span class='ocr_line' id='line_1_36' title="bbox 131 3067 2407 3139; baseline -0.002 -17"><span class='ocrx_word' id='word_1_389' title='bbox 131 3073 332 3124; x_wconf 81' lang='lat' dir='ltr'><strong>omnibus</strong></span> <span class='ocrx_word' id='word_1_390' title='bbox 363 3074 509 3124; x_wconf 84' lang='lat' dir='ltr'><strong>aditus</strong></span> <span class='ocrx_word' id='word_1_391' title='bbox 543 3081 706 3139; x_wconf 73' lang='lat' dir='ltr'><strong>pateat,</strong></span> <span class='ocrx_word' id='word_1_392' title='bbox 739 3075 823 3124; x_wconf 86' lang='lat' dir='ltr'><strong>hac</strong></span> <span class='ocrx_word' id='word_1_393' title='bbox 856 3082 1003 3124; x_wconf 83' lang='lat' dir='ltr'><strong>tamen</strong></span> <span class='ocrx_word' id='word_1_394' title='bbox 1038 3076 1301 3134; x_wconf 85' lang='lat' dir='ltr'><strong>conditione,</strong></span> <span class='ocrx_word' id='word_1_395' title='bbox 1334 3078 1382 3121; x_wconf 90' lang='lat' dir='ltr'><strong>ut</strong></span> <span class='ocrx_word' id='word_1_396' title='bbox 1415 3072 1677 3137; x_wconf 87' lang='lat' dir='ltr'><strong>pauperibus</strong></span> <span class='ocrx_word' id='word_1_397' title='bbox 1714 3078 1759 3119; x_wconf 91' lang='lat' dir='ltr'><strong>et</strong></span> <span class='ocrx_word' id='word_1_398' title='bbox 1794 3086 1821 3119; x_wconf 90' lang='lat' dir='ltr'><strong>a</strong></span> <span class='ocrx_word' id='word_1_399' title='bbox 1850 3071 2002 3120; x_wconf 85' lang='lat' dir='ltr'><strong>militia</strong></span> <span class='ocrx_word' id='word_1_400' title='bbox 2031 3077 2076 3118; x_wconf 89' lang='lat' dir='ltr'><strong>et</strong></span> <span class='ocrx_word' id='word_1_401' title='bbox 2103 3086 2129 3117; x_wconf 82' lang='lat' dir='ltr'><strong>a</strong></span> <span class='ocrx_word' id='word_1_402' title='bbox 2158 3067 2407 3131; x_wconf 77' lang='lat' dir='ltr'><strong>gymnasiis</strong></span> 
     </span>
    </p>
   </div>
  </div>
 </body>
</html>
