2622 3303
1258 82 1328 132 u

143 267 323 318 {entim
353 262 485 315 nobis
514 261 863 313 democraticum
896 260 1115 315 videntur.
1169 262 1316 321 ,Quod
1338 270 1397 312 'ut
1424 263 1703 315 dmm
1736 263 2000 326 mudum,
2025 217 2429 335 senens‚pqffl

60 346 2261 416 .inrepnfflcnadninisnandapmosoepiosaetnoemmmmuaepoeaequnm
2327 353 2432 413 fio

142 442 300 486 ternae
333 441 480 486 autem
511 435 688 499 imperii
714 440 874 499 partes
906 434 1117 486 consules
1149 435 1289 496 inter,
1331 442 1535 486 sentum
1568 441 1616 485 et
1645 435 1865 500 populum:
1889 436 2147 490 dictumue
2179 445 2274 488 tn
2302 446 2430 489 aecta

141 520 470 572 necessitudine
496 520 746 584 *imm
779 526 827 570 et
860 518 1243 582 conglutinatio,
1288 526 1354 569 ut-
1381 520 1514 571 naua
1540 520 1809 585 reliquarum
1841 522 2167 573 maximo-et
2199 533 2431 590 coopm-

142 608 264 660 flene
299 619 441 669 egere
472 607 635 671 possit,
667 607 885 668 siinulque
919 611 1010 653 tam
1040 601 1372 669 acri'cmtodia
1394 607 1520 656 *aliae
1556 607 1617 656 ab
1645 608 1754 657 aliis
1774 608 2051 670 cohibentur,
2087 616 2136 657 ut
2162 612 2290 673 siqua
2321 625 2429 675 pars

141 693 319 742 nimiam
351 697 400 740 et
433 692 550 741 ultra
584 692 842 750 consh‘tutos
874 689 987 739 fines
1021 689 1382 753 progredientem
1415 691 1501 739 sibi
1529 700 1743 754 arieg-et,
1779 696 1989 742 continuo
2020 710 2049 741 a
2081 695 2261 756 reliquis
2282 710 2429 744 cem-

140 778 356 841 primatur
388 783 435 825 et
467 775 524 824 ad
557 777 717 825 iustum
749 776 882 823 trium
913 781 1180 838 potestatum
1212 773 1519 826 libramemum
1552 773 1863 826 miremini-,²³³

316 859 426 910 Cum
452 859 641 925 Polybio
656 860 803 924 plane
833 863 1052 909 consentit
1076 863 1121 908 in
1153 860 1240 909 hac
1274 876 1408 909 causa
1444 859 1605 910 Cicero
1633 864 1681 910 in
1707 863 1831 912 libris
1857 864 1930 912 De
1957 879 2011 912 re
2038 864 2223 929 publica.
2275 864 2429 930 Scipio

142 949 259 995 enim
293 945 537 996 Africanus
571 947 729 1006 maior,
765 960 898 1009 quem
930 945 992 993 ibi
1025 946 1083 993 de
1117 949 1282 1010 optimo
1314 949 1381 993 rei
1415 946 1619 1009 publicae
1651 961 1824 1009 genere
1857 949 2150 998 disserentem
2176 950 2427 1013 introducit,

140 1030 271 1095 plane
318 1030 506 1083 eandem
552 1047 654 1080 cum
699 1031 888 1095 Polybio
930 1032 1173 1079 doctrinam
1202 1034 1415 1095 sequitur.
1486 1032 1574 1090 Qui
1607 1047 1854 1083 consensus
1887 1049 1947 1083 ne
1979 1038 2053 1083 cui
2086 1034 2311 1085 mirandus
2344 1037 2427 1087 vi-

140 1116 312 1177 deatur,
342 1115 503 1166 Cicero
532 1117 727 1167 Laelium
755 1117 917 1166 ibidem
946 1117 1164 1166 dicentem
1191 1117 1327 1178 addit,
1361 1117 1616 1181 Scipionem
1642 1133 1772 1168 suum
1801 1135 1902 1168 cum
1922 1120 2135 1170 Panaetio
2157 1122 2421 1186 philosopho

140 1203 366 1252 disserere
400 1204 577 1252 solitum
610 1218 764 1251 coram
798 1202 1005 1268 Polybio,
1040 1203 1211 1253 duobus
1245 1200 1431 1252 Graecis
1466 1205 1741 1268 peritissimis
1776 1218 1927 1254 rerum
1956 1206 2166 1267 civilium,
2200 1208 2426 1272 multaque

140 1289 354 1352 colligere
389 1304 445 1337 ac
479 1289 658 1348 docere,
693 1291 905 1353 optimum
940 1290 1077 1353 longe
1112 1296 1271 1338 statum
1301 1291 1489 1339 civitatis
1519 1302 1623 1339 esse
1651 1303 1769 1350 eum,
1806 1291 1937 1353 quem
1967 1293 2162 1341 maiores
2189 1292 2427 1343 Romano-

138 1388 238 1426 rum
282 1374 576 1437 reliquissent.
584 1369 635 1405 ²4)
708 1374 810 1432 Quo
859 1381 1007 1422 autem
1053 1373 1285 1424 Ciceronis
1331 1376 1549 1424 sententia
1595 1389 1695 1422 cum
1739 1374 1928 1438 Polybio
1965 1379 2225 1440 conspirans
2259 1376 2425 1427 clulius

136 1465 379 1524 appareat,
421 1473 481 1507 ea
514 1474 631 1523 quae
667 1459 725 1506 de
758 1461 984 1522 permixto
1018 1461 1087 1507 rei
1120 1459 1322 1522 publicae
1356 1473 1527 1522 genere
1561 1465 1607 1507 et
1641 1460 1856 1509 universo
1892 1466 1938 1507 et
1971 1457 2203 1509 Romanae
2234 1463 2429 1511 civitatis

135 1547 318 1610 proprio
353 1558 437 1608 per
469 1543 607 1593 libros
636 1544 693 1591 de
719 1557 773 1591 re
800 1544 976 1607 publica
1004 1544 1205 1608 dispersa
1232 1543 1449 1592 habentur
1475 1546 1522 1593 in
1549 1557 1684 1592 unum
1710 1543 1860 1593 locum
1887 1544 1960 1592 liic
1982 1545 2169 1593 collecta
2193 1560 2426 1610 ponamus.

308 1630 551 1694 Postquam
577 1628 718 1692 igitur
752 1626 902 1693 Scipio
938 1628 1111 1688 docuit,
1147 1642 1277 1691 quam
1311 1643 1467 1694 parum
1499 1628 1674 1676 formae
1710 1642 1861 1677 rerum
1893 1625 2167 1692 publicarum
2200 1631 2425 1695 simplices

137 1724 184 1767 et
218 1722 449 1780 separatae
483 1714 665 1764 stabiles
700 1715 812 1774 sint,
859 1719 906 1761 et
952 1728 1082 1778 quam
1115 1713 1250 1762 facile
1296 1720 1417 1762 certa
1453 1713 1642 1776 quadem
1673 1715 2086 1767 transmutationum
2120 1715 2425 1766 vicissitudine

134 1807 182 1854 in
216 1804 348 1857 aliam
381 1807 627 1862 transeant,
660 1799 813 1865 Itaque
842 1806 1058 1865 quartum,
1092 1800 1245 1864 inquit,
1279 1797 1503 1862 quoddam
1532 1812 1676 1862 genus
1704 1798 1973 1864 reipublicae
2001 1802 2195 1850 maxime
2220 1801 2425 1866 proban-

137 1891 242 1939 dum
274 1904 379 1938 esse
405 1887 576 1947 sentio,
611 1886 731 1949 quod
760 1893 827 1934 est
862 1899 923 1933 ex
957 1886 1040 1945 his,
1075 1898 1189 1946 quae
1224 1886 1363 1948 prima
1398 1885 1491 1933 dixi
1525 1883 1800 1933 moderatum
1835 1889 1881 1932 et
1912 1887 2181 1948 permixtum
2215 1882 2418 1935 tribuam

136 1975 249 2026 Mox
283 1973 474 2023 eandem
508 1973 770 2023 sententiam
805 1972 990 2035 repetit,
1037 1978 1081 2018 et
1126 1970 1259 2033 paulo
1301 1969 1485 2019 inferius
1520 1973 1705 2033 exponit
1737 1971 1943 2032 uberius,
1992 1974 2116 2020 cuius
2163 1973 2425 2034 posterioris

136 2061 225 2109 loci
258 2074 350 2108 non
384 2073 565 2123 possum
598 2057 752 2106 facere
788 2059 895 2119 quin
929 2058 1159 2120 potissima
1193 2055 1335 2103 verba
1365 2055 1600 2119 decerpam
1613 2051 1682 2103 2²⁶)
1736 2056 1899 2118 „Quod
1925 2058 1987 2104 ita
2016 2071 2117 2105 cum
2148 2058 2220 2117 sit,
2248 2071 2312 2104 ex
2334 2057 2424 2104 tri-

135 2147 218 2196 bus
252 2146 405 2210 primis
438 2142 679 2207 generibus
714 2142 850 2204 longe
884 2147 1082 2204 praestat
1116 2153 1215 2189 mea
1249 2141 1467 2189 sententia
1498 2142 1700 2202 ‘regium3
1735 2143 1863 2202 reg-io
1893 2147 2038 2188 autem
2068 2143 2152 2204 ipsi
2180 2140 2423 2204 praestabit

135 2230 208 2292 id,
252 2228 375 2294 quod
420 2229 505 2277 erit
550 2233 783 2291 aequatum
830 2233 877 2275 et
921 2232 1210 2290 temperatum
1257 2240 1319 2273 ex
1363 2226 1503 2274 tribus
1550 2228 1722 2289 optimis
1769 2242 1916 2274 rerum
1953 2226 2228 2289 publicarum
2262 2226 2421 2274 modis.

135 2316 291 2365 Placet
332 2315 453 2363 enim
499 2326 604 2363 esse
650 2310 853 2376 quiddam
898 2314 944 2361 in
984 2325 1036 2361 re
1071 2310 1244 2375 publica
1278 2318 1510 2375 praestans
1545 2318 1591 2358 et
1623 2311 1804 2373 regale3
1850 2326 1953 2360 esse
2000 2311 2117 2359 aliud
2157 2314 2423 2360 auctoritate

135 2402 385 2465 principum
419 2404 591 2463 partum
625 2412 682 2446 ac
717 2395 947 2456 tribunum
995 2411 1097 2446 esse
1130 2395 1344 2459 quasdam
1380 2410 1455 2445 res
1490 2402 1695 2445 servatas
1726 2396 1890 2444 iudicio
1926 2397 2232 2461 voluntatique
2266 2397 2422 2445 multi-

132 2485 307 2536 tudinis.
380 2485 504 2535 Haec
549 2484 803 2533 constitutio
853 2484 1042 2546 primum
1075 2483 1205 2531 habet
1239 2481 1594 2546 aequabilitatem
1630 2482 1848 2545 quandam
1881 2497 2103 2546 magnam,
2139 2498 2226 2545 qua
2258 2494 2422 2531 carere

134 2570 292 2619 diunius
325 2572 410 2619 vix
443 2577 629 2633 possunt
660 2568 815 2627 liberi3
861 2567 1024 2616 deinde
1056 2568 1404 2616 firmitudinem.“
1477 2565 1709 2615 Romanae
1750 2571 1818 2615 mi
1852 2567 2056 2630 publicae
2088 2582 2118 2614 e
2152 2567 2292 2615 tribm
2326 2580 2420 2627 ge-

130 2653 313 2705 neribus
346 2660 619 2719 temperatae
662 2653 911 2718 pleniorem
959 2651 1323 2716 descriptionem,
1373 2653 1548 2715 qualem
1594 2653 1711 2717 apud
1744 2652 1979 2717 Polybium
2012 2653 2255 2713 habemus,
2302 2650 2421 2715 apud

132 2737 396 2789 Ciceronem
432 2738 750 2800 desideramus,
787 2754 923 2802 quum
957 2738 1140 2799 lacunis,
1175 2738 1333 2803 quibus
1368 2737 1455 2787 hoc
1490 2753 1603 2803 opus
1636 2739 1707 2786 De
1742 2751 1794 2787 re
1827 2739 2003 2804 publica
2037 2737 2226 2799 laborat,
2259 2736 2418 2787 ham

129 2826 199 2875 sit.
270 2824 360 2873 Sed
391 2824 649 2891 Scipionem
683 2838 860 2889 quoque
897 2823 1234 2873 ciceronianum
1266 2839 1361 2874 non
1394 2826 1538 2874 minus
1567 2838 1700 2888 quam
1727 2823 1962 2888 Polybium
1990 2837 2054 2872 ex
2081 2823 2239 2873 lisdem
2265 2820 2417 2869 cauis

128 2922 342 2961 romanae
373 2914 445 2960 rei
474 2912 678 2977 pubflcae
712 2911 1031 2977 praesentiam
1064 2917 1110 2957 et
1142 2911 1450 2960 firmitudinem
1482 2916 1690 2976 repetens
1722 2911 1771 2958 ‘na
1804 2916 1961 2975 aperto
1989 2916 2078 2960 est.
2159 2905 2293 2967 Quod
2322 2907 2418 2953 im

126 2996 232 3046 inde
265 2999 567 3063 consequitur,
600 3001 703 3062 quia
738 2996 901 3048 Cicero
936 3010 1149 3045 romanae
1182 3000 1250 3045 rei
1284 2996 1486 3060 perticae
1519 3010 1663 3060 genu
1683 2998 1886 3044 omnium
1916 2997 2128 3061 optimum
2149 3004 2260 3042 csse
2287 2991 2418 3039 affin-

126 3090 243 3143 ma‘t‚
286 3081 375 3133 boc
407 3085 552 3149 ipsum
578 3087 796 3149 optimum
825 3089 979 3132 autem
1011 3084 1191 3130 omuino
1224 3085 1493 3149 pemxtum
1524 3096 1554 3131 e
1587 3081 1727 3133 uibus
1753 3081 2003 3147 genet-&u
2046 3081 2416 3145 attemperat-u
