2622 3303
1250 142 1322 193 22

142 326 452 377 dissertatione
483 323 802 380 desulerentur.
872 322 1043 371 Prioria
1086 322 1410 373 dissertationis
1451 329 1635 382 amtor,
1679 337 1815 387 quum
1846 322 2181 386 competitorem,
2214 321 2264 373 in
2294 320 2443 385 copi}

137 412 341 469 locorum
374 424 437 458 ex
468 409 665 473 speculis
696 407 990 458 adhib-'tanim
1024 415 1073 455 et
1104 412 1471 470 comparatu-im,
1506 421 1595 460 nee
1623 422 1716 458 non
1745 410 1995 468 evariamm,
2025 420 2144 472 qaae
2173 411 2219 458 in
2253 418 2448 471 specu-

137 497 288 546 lorum
317 495 511 544 textibus
543 496 756 553 existunt,
789 493 1029 541 lectionum
1062 491 1336 539 discussione
1371 497 1417 538 et
1449 493 1496 540 in
1531 498 1631 540 arte
1662 492 1765 541 libri
1797 492 2089 556 componendi
2116 500 2318 556 supere&
2347 492 2428 542 d-

137 583 281 631 torius
312 585 467 628 contra
500 578 823 630 dissertationis
855 582 1009 625 auctor
1043 577 1210 637 ingenii
1243 576 1487 637 sagacitate
1519 578 1565 623 in
1595 578 1870 641 explieandis
1900 578 2087 642 singulis
2114 578 2309 643 quidem,
2339 579 2423 629 sed

139 667 318 716 maioris
365 668 579 714 momenti
625 663 951 728 quaestionibus
996 662 1249 725 praecellit3
1297 664 1355 708 ita
1403 668 1449 709 ut
1497 661 1620 710 Ordo
1654 661 1861 713 ictorum
1895 671 2127 730 utrumque
2162 667 2426 730 opusculum

136 754 339 816 praemio
372 751 619 799 ornandum
651 749 926 797 iudicaverit.
996 747 1275 809 Quapropter
1310 746 1432 793 Ordo
1467 746 1686 807 IGtorum,
1720 762 1779 796 ne
1814 764 1980 813 operae
2015 751 2127 800 desit
2161 754 2423 815 praemium,

138 839 450 887 consentiente
485 837 677 883 arctiore
712 833 879 883 Senatu
916 832 1196 892 academico,
1233 849 1260 879 a
1294 832 1542 881 Ministerio
1575 833 1791 897 Principis
1823 839 1964 885 nostri
1999 844 2044 883 et
2078 837 2283 886 Rectoris
2319 839 2421 886 cle-

137 922 393 971 mentissimi
429 927 474 967 et
508 919 927 981 magnificentissimi
962 921 1096 980 petiit,
1138 945 1193 951 —
1236 918 1354 980 quod
1376 920 1571 979 gratiose
1595 934 1860 967 concessum
1883 928 1952 969 est
1991 948 2047 953 —
2089 930 2135 970 ut
2168 924 2273 972 loco
2293 925 2422 973 unius

137 1008 320 1070 praemii
356 1007 578 1054 constituti
614 1005 727 1051 binis
762 1002 1006 1051 victoribus
1041 1002 1142 1048 bina
1178 1005 1370 1064 praemia
1408 1003 1758 1050 addicerentur.“

310 1107 492 1172 Apertis
527 1107 762 1166 scheduIiS‚
797 1107 955 1169 prioris
992 1104 1312 1153 dissertationis
1350 1120 1448 1152 cum
1483 1105 1634 1155 verbis
1671 1105 1873 1156 Senecae
1909 1115 2063 1156 auctor
2099 1116 2303 1172 apparet:

950 1204 1263 1255 ADRLANUS
1298 1205 1563 1254 BINGNER
1577 1242 1591 1267 ,

1078 1289 1447 1340 CAanmmANus
1462 1310 1475 1350 ς

137 1394 316 1447 alterius
353 1394 672 1447 dissertationis
706 1393 949 1444 Horatiano
986 1410 1125 1444 versu
1160 1397 1419 1458 insignitae:

996 1496 1297 1546 HENRJCUS
1331 1495 1540 1547 SIEGEL
1552 1530 1568 1558 ‚

1072 1581 1486 1631 BnucnsaLmNSss.

309 1686 602 1743 Quaestiones
636 1685 683 1732 in
718 1685 924 1747 proxime
958 1689 1220 1746 sequentem
1256 1697 1418 1733 annum
1453 1682 1541 1730 hae
1572 1687 1903 1748 proponuntur,
1949 1697 2059 1745 quas
2096 1685 2302 1732 continuo
2337 1699 2421 1732 re-

133 1771 410 1822 nuntiaturus
444 1784 556 1820 sum.
626 1768 840 1818 Vestrum
875 1770 982 1828 erit,
1020 1769 1361 1827 commilitones,
1396 1767 1560 1815 nuliam
1596 1781 1686 1816 non
1722 1773 1893 1816 tentare
1926 1766 2082 1817 harum
2117 1771 2422 1831 quaestionum

134 1862 182 1905 et
215 1857 308 1904 acri
344 1851 493 1904 studio
528 1852 583 1902 de
618 1854 824 1917 praemiis
862 1869 887 1901 a
934 1850 1170 1901 CAROLO
1218 1848 1542 1901 FRIDERICO
1588 1852 1720 1900 vobis
1755 1852 1980 1902 destinatis
2016 1861 2206 1902 certare.
2275 1853 2426 1904 Nolite

135 1942 268 1990 ullam
303 1938 518 1987 eiusmodi
555 1941 861 2000 quaestionum
897 1937 1217 1997 reson-midam
1252 1954 1342 1986 non
1389 1938 1506 1985 enim
1541 1935 1713 1999 Sphinx
1748 1938 1918 2000 aliqua,
1952 1941 2252 2001 perniciosum
2286 1954 2424 1988 mon-

135 2033 299 2085 strum,
346 2027 552 2087 aenigma
598 2023 775 2085 aliquod
822 2026 977 2072 mortis
1024 2024 1222 2087 periculo
1269 2022 1533 2070 solvendum
1569 2022 1698 2071 vobis
1734 2026 1964 2085 proponit3
2013 2024 2094 2072 sed
2130 2025 2245 2072 alma
2282 2031 2426 2073 mater

135 2108 547 2175 Ruperto-Carola‚
584 2111 879 2158 amantissima
916 2115 1115 2157 vestrum
1152 2116 1197 2155 et
1231 2108 1424 2157 fortasse
1460 2123 1771 2171 nonnunquam
1806 2110 1920 2156 iusto
1950 2108 2248 2170 indulgentior
2277 2112 2425 2173 potius

137 2211 269 2261 quam
311 2195 535 2253 ferocior,
584 2196 834 2255 aenigmata
880 2193 1011 2242 vobis
1045 2196 1250 2257 proponit
1284 2193 1528 2252 solvenda,
1576 2208 1689 2256 quae
1736 2196 1905 2242 etiamsi
1953 2209 2044 2243 non
2086 2201 2176 2243 tam
2211 2195 2341 2259 plene
2378 2201 2425 2243 et

137 2281 338 2345 perfecte
371 2280 614 2338 solveritis,
650 2286 697 2325 ut
732 2282 928 2342 praemio
966 2281 1200 2327 constituto
1237 2281 1483 2343 potiamini,
1518 2280 1671 2328 varios
1707 2286 1853 2328 tamen
1889 2285 1934 2327 et
1967 2279 2215 2329 uberrimos
2251 2279 2424 2330 fructus

138 2382 303 2430 operae
339 2373 520 2414 vestrae
556 2367 601 2412 in
637 2364 857 2412 solvendo
894 2368 1143 2427 aenigmate
1180 2365 1423 2413 collocatae
1458 2364 1610 2427 procul
1646 2364 1777 2413 dubio
1814 2364 2012 2428 adepturi
2049 2367 2169 2415 estis.

313 2450 435 2499 Ordo
468 2450 780 2512 theologorum
816 2449 929 2497 hanc
964 2451 1265 2510 quaestionem
1300 2452 1527 2512 proponit:

420 2536 705 2597 „Disseratur
742 2534 797 2582 de
828 2537 1022 2596 imagine
1059 2535 1243 2583 hominis
1282 2535 1454 2595 divina⁷
1491 2538 1549 2583 ita
1587 2534 1776 2598 quidem,
1814 2544 1859 2584 ut
1893 2539 2079 2599 primum
2116 2550 2230 2598 quae
2266 2536 2423 2583 eccle-

419 2623 545 2682 „siae
581 2620 874 2682 evangelicae
908 2620 1111 2683 symbola
1146 2621 1407 2669 confitentur
1443 2628 1488 2669 et
1524 2621 1729 2670 doctores
1765 2628 1945 2669 veteres
1981 2636 2036 2668 ea
2072 2620 2127 2667 de
2162 2637 2213 2668 re
2244 2621 2422 2669 uberius

421 2712 771 2769 „exposuerunt‚
802 2706 1082 2768 colligantur,
1118 2713 1468 2768 argumentaque
1501 2720 1656 2754 eorum
1690 2722 1717 2755 e
1747 2709 1922 2770 scriptis
1957 2709 2098 2756 sacris
2132 2708 2267 2770 petita
2301 2720 2424 2755 exa-

418 2793 682 2853 „minentur‚
713 2799 804 2839 tum
832 2798 953 2839 mota
983 2790 1039 2837 de
1069 2796 1180 2838 statu
1209 2792 1470 2854 integritatis
1500 2794 1615 2840 inter
1641 2799 1861 2843 nostrates
1891 2799 1936 2841 et
1964 2791 2166 2842 vindices
2196 2791 2423 2840 doctrinae

418 2876 744 2937 „Romanensis
772 2875 1039 2940 principales
1065 2879 1373 2926 controversia
1403 2883 1634 2926 enarretur
1667 2884 1714 2926 et
1747 2892 1808 2925 ex
1843 2876 2032 2928 arbitriis
2067 2877 2246 2926 Petrum
2280 2887 2423 2938 usque

421 2959 509 3021 „ad
541 2960 753 3010 Ioannem
786 2962 1114 3010 Damascenmn
1147 2962 1412 3022 illustretur,
1463 2962 1655 3028 denique
1700 2962 1960 3013 diiudicetur
2005 2969 2051 3011 et
2095 2962 2296 3026 inprimis
2322 2958 2422 3008 de-

417 3052 718 3107 „monstretur
752 3049 825 3096 vis
859 3054 904 3096 et
939 3048 1122 3096 effectus
1154 3046 1284 3098 huius
1318 3050 1656 3099 canu-oversiae
1691 3052 1738 3099 in
1766 3049 1985 3114 quaedam
2011 3049 2270 3112 systemah's
2300 3045 2422 3110 dog*-

415 3133 595 3196 „matici
629 3134 856 3199 utriusque
891 3132 1113 3183 eeclesiae
1145 3136 1285 3200 capita
1319 3134 1538 3199 potiora.“
