2622 3303
1260 182 1321 231 18

149 376 196 419 et
226 368 313 419 sibi
344 373 395 416 et
417 367 702 415 'universitati
726 371 914 415 nostrae
942 365 1082 415 decus
1111 366 1373 414 conciliavit.
1426 364 1714 428 Quapropter
1740 367 1907 429 optiruo
1937 370 1984 413 et
2012 363 2255 414 clarissimo
2284 365 2430 414 colle-

148 468 238 521 gae
273 467 375 503 cum
408 459 563 502 nostra
597 453 841 515 gratiarum
876 451 937 501 oh
970 454 1125 500 merita
1161 452 1257 499 eius
1292 450 1466 498 actione
1511 455 1715 513 optemus
1759 460 1825 498 ex
1866 451 2044 511 annno,
2084 456 2135 499 ut
2180 450 2429 501 desiderato

148 548 253 607 post
286 547 351 589 tot
383 545 561 602 tamque
596 537 826 588 diuturnos
860 537 1038 586 labores
1072 534 1328 584 exantlatos
1364 533 1472 595 etio,
1506 532 1588 584 sibi
1621 550 1650 582 a
1684 530 1889 598 Principe
1922 548 2026 582 cum
2054 539 2186 585 novis
2211 537 2430 586 honorum

148 627 422 678 ornamentis
442 637 680 684 concesso,
702 623 899 688 placidus
916 628 962 669 et
981 620 1180 670 secunda
1203 619 1460 669 valetudine
1480 625 1710 668 recreatus
1732 632 1866 681 quam
1894 618 2135 668 diutissime
2164 620 2429 684 perfruatur.

324 711 377 761 In
412 710 523 760 alias
557 709 868 758 universitates
900 706 960 755 ad
996 705 1228 756 cathedras
1261 704 1563 770 professorias
1598 704 1899 769 capessendas
1935 707 2084 756 vocati
2118 722 2145 755 a
2174 706 2301 756 nobis
2331 706 2430 758 dis-

148 803 386 849 cesserunt
419 811 481 843 ex
515 793 673 842 ordine
706 792 1106 841 iureconsultorum
1141 793 1213 840 vir
1247 792 1551 840 ornatissimus
1598 788 1953 839 GUIL-lELMUS
1986 788 2263 851 DEURER,
2310 793 2430 855 apud

130 897 236 931 -nos
281 880 519 928 Professor
567 877 973 936 extraordinarius,
1020 892 1137 924 nunc
1181 879 1227 923 in
1274 875 1499 923 academia
1534 873 1737 923 Gissensi
1772 875 2012 923 Professor
2047 874 2320 935 ordinarius3
2368 892 2431 924 ex

151 967 307 1016 ordine
352 963 718 1028 philosophorum
763 960 1138 1010 HERMANNUS
1182 959 1467 1008 HETTNER
1512 962 1718 1023 privatim
1767 960 1961 1019 dooeuS,
2006 976 2123 1008 nunc
2168 964 2215 1008 in
2254 961 2430 1009 lenensi

151 1051 379 1100 academia
413 1049 654 1097 Professor
688 1046 1075 1095 extraordinarius.

323 1134 452 1183 Horti
486 1133 677 1182 botanici
713 1131 951 1179 academici
985 1129 1192 1179 Director
1226 1126 1491 1178 IOANNES
1526 1126 1840 1189 METZGER,
1888 1131 1960 1191 qui
2007 1131 2214 1178 eximiam
2254 1132 2299 1178 in
2334 1135 2429 1178 arte

149 1238 232 1272 sua
269 1220 470 1284 peritiam
507 1225 551 1266 et
586 1233 668 1266 usu
704 1223 748 1264 et
783 1216 904 1265 libris
941 1232 967 1263 a
1003 1231 1053 1264 se
1101 1214 1226 1263 editis
1273 1216 1359 1262 iam
1397 1214 1555 1262 dudum
1600 1214 1930 1278 comprobavit,
1979 1214 2035 1262 de
2081 1215 2196 1263 horti
2241 1215 2430 1264 botanici

150 1307 420 1355 institutione
457 1310 501 1352 et
536 1303 721 1362 cultura,
754 1316 889 1364 quam
925 1316 1006 1365 per
1042 1300 1327 1363 quadraginta
1364 1300 1462 1348 fere
1497 1314 1637 1348 annos
1674 1302 1862 1360 curavit,
1897 1307 1943 1348 et
1977 1303 2155 1348 omnino
2192 1300 2247 1348 de
2276 1300 2430 1349 studiis

148 1392 380 1441 botanicae
416 1396 463 1437 et
496 1391 563 1437 rei
588 1390 797 1450 agrariae
826 1390 989 1450 optime
1018 1389 1215 1446 meritus,
1250 1401 1368 1434 nunc
1399 1383 1681 1434 Carlsruham
1710 1393 1925 1435 evocatus
1952 1393 1997 1433 et
2025 1389 2070 1433 in
2098 1386 2254 1433 latiore
2283 1401 2432 1433 rerum

130 1470 451 1541 ‘gerendarum
487 1489 643 1538 campo
680 1475 938 1523 constitutus
975 1472 1031 1519 de
1067 1471 1333 1535 agricultura
1358 1473 1404 1519 in
1433 1473 1563 1519 totius
1592 1468 1928 1534 Magniducatus
1957 1471 2097 1520 nostri
2125 1470 2289 1519 ambitu
2318 1472 2432 1534 pro·-

147 1562 372 1613 movenda
407 1561 524 1608 bene
557 1554 734 1606 merere
767 1555 925 1621 pergit.
1613 1554 1615 1556 ’

320 1642 668 1708 suppelectilem
703 1639 945 1691 literarium
981 1649 1026 1689 et
1059 1642 1448 1690 instrumentorum
1482 1646 1740 1704 apparatum
1782 1640 1838 1688 ad
1873 1640 2109 1688 tradendas
2145 1647 2190 1688 et
2224 1640 2433 1691 colendas

151 1730 402 1796 disciplinas
439 1729 742 1778 necessarium
775 1728 862 1776 hoc
896 1742 1012 1776 anno
1047 1724 1175 1776 varie
1210 1732 1384 1774 auctum
1411 1739 1514 1775 esse
1538 1725 1763 1774 laetamur.
1825 1725 2123 1775 Bibliothecae
2152 1722 2433 1776 academicae

135 1811 331 1881 [praeter
365 1811 535 1865 reditus
571 1828 678 1865 suos
714 1828 884 1863 annuos
920 1810 965 1863 et
1000 1813 1271 1873 ordinariOS,
1316 1815 1499 1876 insuper
1533 1825 1703 1862 summa
1736 1808 1852 1861 haud
1887 1814 2052 1875 exigua
2087 1811 2209 1862 libris
2245 1827 2434 1877 compa-

146 1902 302 1952 randis
345 1902 570 1964 assignata
605 1907 701 1960 est3
749 1900 994 1963 eademque
1040 1899 1334 1948 munificentia
1369 1901 1594 1963 apparatui
1630 1907 1675 1948 et
1708 1900 1945 1962 zoologico
1980 1907 2025 1948 et
2060 1903 2307 1949 anatomico
2345 1899 2434 1948 ob-

131 1992 258 2051 tigit.
317 1986 578 2050 Comparari
614 2002 791 2050 quoque
827 1994 1073 2049 coeperunt
1102 1994 1146 2032 et
1175 1989 1220 2032 in
1249 1984 1547 2032 Bibliothecae
1576 1985 1756 2033 aedibus
1786 1987 1995 2033 collocari
2023 1986 2195 2034 formae
2224 1990 2434 2049 antiquo-

138 2090 249 2122 ·rum
283 2073 565 2121 artificiorum
600 2087 628 2119 e
662 2088 809 2137 gypso
847 2074 1036 2132 effictae,
1071 2086 1256 2119 numero
1292 2072 1434 2119 adhuc
1470 2074 1651 2135 exiguo,
1687 2071 1768 2121 sed
1804 2071 1860 2119 ad
1895 2087 2025 2136 quem
2062 2072 2313 2136 augendum
2346 2075 2434 2120 iam

148 2175 267 2209 nunc
303 2160 447 2224 aliqua
480 2160 699 2223 pecuniae
734 2174 905 2208 summa
943 2161 1165 2222 assignata
1201 2165 1295 2220 est,
1344 2168 1388 2206 et
1434 2165 1580 2208 certos
1616 2165 1783 2208 sumtus
1820 2174 1990 2209 annuos
2026 2159 2346 2223 suppeditatum
2380 2161 2433 2208 iri

149 2260 394 2309 speramus.

321 2327 633 2390 Mineralogici
668 2331 963 2378 universitatis
998 2335 1178 2377 nostrae
1226 2334 1461 2391 apparatus
1508 2327 1855 2377 mediocritatem
1901 2329 2176 2378 Professoris
2225 2328 2433 2377 ordinarii

151 2415 351 2475 collegae
397 2416 539 2462 nostri
586 2416 631 2461 in
677 2413 762 2460 hac
808 2414 1121 2474 mineralogica
1169 2429 1301 2475 quam
1345 2413 1573 2476 profitetur
1618 2414 1844 2477 disciplina
1895 2414 2196 2474 celeberrimi,
2245 2415 2431 2478 amplis-

149 2503 260 2549 sima
297 2500 498 2547 collectio
512 2533 526 2559 ,
573 2500 697 2547 cuius
745 2513 875 2546 usum
910 2505 954 2545 et
989 2498 1256 2547 auditoribus
1293 2506 1336 2546 et
1372 2499 1574 2547 omnibus
1621 2499 1776 2548 harum
1822 2515 1972 2548 rerum
2018 2500 2431 2564 cognoscendarum

149 2585 373 2645 studiosis,
408 2583 715 2634 liberalissime
749 2597 927 2647 semper
963 2585 1176 2645 concedit,
1213 2585 1353 2633 adhuc
1387 2598 1598 2648 perquam
1629 2585 1861 2634 commode
1890 2585 2199 2650 suppleverat3
2235 2583 2315 2634 sed
2343 2585 2431 2632 iam

149 2670 327 2719 fortuna
372 2668 558 2718 favente
605 2669 807 2718 collectio
855 2670 1169 2731 mineralogica
1217 2671 1491 2719 mineralium
1528 2678 1572 2718 et
1616 2687 1802 2719 numero
1850 2680 1895 2719 et
1940 2674 2083 2734 pretio
2131 2674 2367 2734 conspicua
2404 2688 2431 2717 a

149 2757 251 2804 viro
288 2755 532 2804 clarissimo
546 2791 561 2815 ,
597 2752 912 2804 SCHUELER
947 2754 1211 2804 Professore
1246 2756 1424 2805 lenensi
1458 2755 1710 2819 longinquis
1745 2758 2173 2820 peregrinationibus
2208 2757 2430 2818 multoque

148 2838 293 2889 studio
330 2846 600 2904 comparata,
635 2844 681 2890 in
714 2842 1018 2890 universitatis
1052 2844 1382 2903 possessionem
1416 2844 1575 2902 cessit,
1622 2849 1753 2905 atque
1795 2844 1849 2892 iis
1886 2842 2059 2906 quidem
2095 2840 2431 2901 conditionibuS,

146 2940 265 2988 quae
312 2931 358 2973 et
400 2928 570 2988 pristini
616 2931 895 2990 possessoris
940 2926 1260 2990 disciplinarum
1308 2927 1604 2976 fovendarum
1640 2929 1830 2978 studium
1865 2944 2063 2994 ergaque
2097 2929 2431 2977 universitatem

147 3018 347 3060 nostram
383 3012 582 3060 eiusdem
615 3013 920 3062 liberalitatem
956 3020 1001 3060 et
1034 3012 1389 3063 benevolentiam
1424 3014 1668 3063 luculenter
1703 3015 2069 3079 comprobarent,
2108 3020 2157 3061 et
2190 3011 2429 3061 rationibus

145 3099 314 3147 uostris
343 3102 497 3146 esseut
525 3098 1020 3150 accommodatissimae.
1074 3099 1297 3149 Maximae
1327 3107 1474 3149 autem
1510 3103 1752 3163 gratiarum
1781 3104 1979 3150 actiones
2008 3099 2200 3164 Prineipi
2228 3105 2274 3147 et
2302 3097 2430 3147 Rec-

148 3184 235 3230 tori
268 3190 423 3232 nostro
459 3183 892 3246 magnificentissimo
928 3184 1159 3246 debentur,
1193 3189 1295 3248 quia
1329 3193 1375 3234 et
1403 3189 1449 3235 in
1472 3187 1559 3235 hac
1587 3202 1721 3235 causa
1747 3187 2026 3235 clementiam
2056 3199 2167 3246 erga
2193 3198 2277 3234 nos
2301 3198 2430 3235 suam
