2588 3265
1300 149 1370 197 *17

373 333 435 381 ln'
460 332 654 380 clausula
690 331 990 394 disputationis
1025 328 1082 376 ad
1117 344 1246 391 quam
1281 331 1566 393 pervenimus
1610 343 1737 376 meae
1771 330 1882 379 haec
1916 331 2002 380 duo
2037 334 2277 396 praecipue
2312 337 2472 398 capita,

183 417 424 467 fauditores
452 417 790 476 honoratissimi,
823 423 1066 474 teneamus,
1100 416 1286 477 primum
1314 416 1437 462 viros
1459 414 1820 478 prudentissimos
1850 418 1895 463 in
1923 417 2068 465 medio
2095 420 2262 466 civium
2290 434 2473 468 suorum

201 510 316 553 statu
349 502 549 567 populari
595 503 800 550 viventes
813 537 827 560 ,
872 500 1100 548 Platonem
1113 535 1128 560 ,
1174 500 1486 560 Aristotelem,
1522 500 1811 561 Ciceronem,
1857 518 1946 550 non
1981 503 2263 551 democratici
2297 507 2471 568 imperii

181 603 344 649 ,genus
379 588 460 637 sed
496 587 790 645 monarchici,
838 585 1075 632 dummodo
1109 592 1232 632 recte
1267 589 1538 633 constitutum
1572 593 1950 649 temperatumque
1985 590 2066 646 sit,
2112 590 2321 651 optimum
2355 605 2474 653 pro-

201 674 428 730 nuntiare;
464 671 622 718 deinde
659 685 720 717 ex
755 670 997 717 eorundem
1031 672 1504 733 praestantissimorum
1538 678 1581 717 et
1616 673 1793 719 omnino
1832 685 1893 718 ex
1920 674 2231 735 sapientissimi
2259 677 2471 736 cuiusque

201 761 438 816 sententia,
474 757 659 804 salntem
696 756 956 818 populorum
992 762 1036 802 et
1070 757 1296 804 civitatum
1331 770 1420 803 non
1454 759 1724 818 potissimum
1759 758 1804 804 in
1838 772 1986 804 rerum
2022 756 2292 820 publicarum
2327 760 2471 808 forma

202 849 246 889 et
281 843 600 890 constitutionis
635 856 819 902 genere,
855 840 937 888 sed
972 847 1073 888 ante
1109 842 1255 887 omnia
1291 848 1335 886 et
1369 844 1496 886 unice
1530 841 1627 886 fere
1662 845 1708 887 in
1742 843 1951 901 religiosa
1984 843 2135 903 legum
2170 846 2360 890 civitatis
2395 844 2472 890 vel

200 941 291 974 non
326 927 584 989 optimarum
629 940 776 986 neque
822 924 952 987 plane
997 924 1293 987 perfectarum
1342 925 1623 973 observantia
1660 932 1790 988 atque
1825 929 1869 972 in
1905 942 2075 973 morum
2111 929 2362 988 integritate
2398 929 2472 974 ci-

200 1014 407 1074 viumque
443 1013 603 1059 virtute
638 1011 864 1058 contineri.

366 1263 458 1311 Iam
495 1266 635 1311 oratio
672 1278 770 1310 mea
806 1262 862 1309 ad
899 1277 997 1309 eam
1033 1278 1127 1310 rem
1162 1278 1213 1310 se
1249 1269 1503 1321 convertat,
1540 1265 1662 1309 cuius
1698 1265 1974 1324 potissimum
2010 1278 2144 1311 causa
2181 1268 2469 1312 convenimus

194 1355 239 1394 et
269 1362 382 1409 quae
412 1354 459 1393 ut
488 1354 556 1394 est
579 1362 605 1392 a
636 1345 798 1393 Carolo
823 1346 1064 1401 Friderico,
1100 1348 1353 1394 immortalis
1379 1349 1619 1393 memoriae
1641 1346 1845 1409 Principe
1870 1349 2077 1406 instituta,
2112 1350 2171 1394 ita
2201 1348 2278 1394 vel
2306 1362 2389 1409 per
2418 1363 2470 1396 se

192 1431 290 1482 sola
324 1433 611 1494 praecipuum
645 1430 747 1479 festi
781 1430 907 1479 huius
943 1430 1206 1479 solemnitati
1240 1430 1525 1494 splendorem
1559 1439 1603 1478 et
1637 1434 1823 1492 gratiam
1870 1432 2086 1478 conciliat.
2157 1431 2469 1480 Renuntianda

193 1516 309 1564 enim
343 1530 460 1562 nunc
494 1522 595 1563 sunt
629 1517 848 1564 victorum
877 1517 1068 1575 nomina,
1104 1518 1178 1577 qui
1206 1518 1251 1563 in
1280 1517 1590 1564 commissione
1618 1516 1811 1563 literaria
1833 1516 2026 1578 palmam
2055 1518 2317 1577 retulerunt,
2348 1518 2467 1579 quod

192 1601 392 1650 facturus
427 1616 525 1649 sum
559 1599 633 1648 ubi
667 1601 855 1664 primum
891 1615 973 1663 pro
1008 1615 1133 1648 more
1168 1607 1380 1649 consueto
1423 1603 1719 1649 universitatis
1754 1606 1934 1648 nostrae
1967 1615 2050 1665 per
2083 1604 2288 1666 proxime
2323 1618 2465 1667 prae,-

191 1688 365 1737 teritum
401 1702 562 1735 annum
598 1692 694 1735 acta
728 1686 856 1735 brevi
892 1688 1222 1734 enmneratione
1256 1686 1387 1746 laeta,
1421 1688 1559 1734 tristia
1594 1685 1864 1735 indicavere.

364 1771 651 1822 Professores
689 1772 898 1820 ordinarii
931 1774 1207 1821 universitati
1241 1780 1421 1820 nostrae
1457 1772 1664 1835 adscripti
1699 1779 1801 1819 sunt
1835 1773 1921 1818 hoc
1951 1788 2084 1832 anne,
2119 1773 2350 1822 clarissimi
2377 1776 2465 1823 viri

190 1873 383 1921 peregre
407 1860 621 1917 accersiti,
651 1859 957 1919 theologorum
982 1859 1124 1905 ordini
1146 1857 1369 1904 DANIEL
1398 1856 1723 1915 SCHENKEL,
1752 1859 2151 1905 iureconsultorum
2180 1858 2469 1908 ACHILLES

191 1941 461 2001 RENAUD,
495 1943 764 1990 medicorum
793 1943 1125 1990 GUILELMUS
1152 1942 1369 2000 LANGE,
1397 1957 1477 2004 per
1501 1957 1612 2003 quos
1642 1941 1896 1987 academiae
1924 1950 2104 1989 nostrae
2131 1943 2296 1990 firmari
2324 1958 2467 2006 prae-

191 2027 315 2087 sidia,
351 2031 506 2089 augeri
529 2026 664 2074 decus
689 2029 765 2075 vel
792 2031 878 2075 iam
908 2030 1082 2090 experti
1111 2042 1260 2075 sumus
1288 2028 1364 2075 vel
1394 2034 1513 2074 certa
1543 2042 1622 2089 spe
1648 2029 1706 2073 ita
1731 2025 1921 2072 futurum
1950 2040 2053 2073 esse
2088 2026 2360 2076 confidimus.
2401 2054 2459 2062 —

195 2111 408 2174 Collegae
444 2114 835 2172 aestumatissimo,
874 2113 1140 2172 clarissimo,
1176 2110 1568 2159 FERDINANDO
1605 2109 1940 2170 SCHWEINS,
1986 2112 2059 2173 qui
2093 2111 2384 2175 quadraginta
2419 2116 2464 2162 in

192 2198 468 2262 professorio
504 2212 686 2244 munere
723 2213 863 2246 annos
898 2199 984 2246 hoc
1020 2213 1135 2245 anno
1172 2212 1399 2256 emensus,
1445 2211 1526 2259 per
1559 2204 1694 2243 totum
1731 2196 1815 2243 hoc
1851 2198 2063 2259 temporis
2100 2200 2287 2259 spatium
2324 2198 2465 2247 disci-

192 2284 334 2346 plinas
369 2283 695 2329 mathematicas
731 2285 775 2330 in
810 2285 1095 2331 universitate
1141 2289 1293 2331 nostra
1339 2289 1383 2329 et
1428 2280 1627 2329 docendo
1664 2287 1708 2328 et
1742 2279 1975 2330 scribendo
2011 2280 2268 2343 illustravit,
2315 2297 2465 2347 neque

192 2371 333 2418 minus
370 2383 552 2417 munera
588 2369 843 2417 academica
879 2369 1064 2432 plurima
1099 2368 1323 2417 indefesso
1370 2367 1512 2416 studio
1560 2374 1604 2414 et
1640 2382 1747 2414 cura
1784 2367 2016 2425 obeundo,
2052 2369 2216 2430 optime
2252 2367 2309 2415 de
2345 2371 2464 2416 omni

190 2460 341 2502 nostra
378 2456 667 2502 universitate
702 2457 880 2513 meruit,
916 2455 1127 2517 Princeps
1162 2459 1315 2501 noster
1350 2453 1711 2499 clementissimus
1748 2459 2004 2499 ornamenta
2041 2449 2294 2501 consiliarii
2330 2456 2465 2502 intimi

192 2539 346 2587 classis
394 2538 617 2587 secundae
664 2539 847 2600 largitus
894 2547 987 2597 est;
1033 2546 1212 2586 senatus
1259 2538 1534 2586 academicus
1583 2546 1626 2584 et
1673 2537 1782 2584 ordo
1825 2537 2189 2600 philosophorum
2224 2540 2463 2601 gratiarum

190 2625 387 2673 actiones
433 2631 478 2672 et
522 2624 841 2685 gratulationes
888 2632 932 2671 et
977 2639 1059 2672 suo
1108 2632 1150 2671 et
1195 2626 1490 2671 universitatis
1527 2626 1658 2670 totius
1693 2625 1869 2669 nomine
1905 2638 2058 2670 coram
2095 2629 2139 2670 et
2173 2623 2311 2672 literis
2348 2639 2463 2671 con-

189 2709 385 2769 signatas
421 2707 682 2755 obtulerunt.

347 2791 570 2841 Privatim
606 2792 793 2841 docendi
827 2793 1013 2841 facultas
1050 2791 1150 2840 data
1181 2800 1248 2841 est
1277 2790 1544 2852 doctoribus,
1580 2795 1625 2840 in
1655 2790 1807 2839 ordine
1842 2791 2243 2840 iureconsultorum
2277 2789 2459 2839 AEMI-

189 2877 283 2925 LIO
318 2878 732 2928 KLElNSCHROD
767 2887 812 2928 et
846 2878 1123 2927 ERNESTO
1159 2876 1649 2938 PAGENSTECHER,
1684 2880 1730 2925 in
1764 2876 2126 2940 philosophorum
2161 2878 2315 2927 ordine
2349 2875 2461 2924 GU-

189 2962 393 3012 STAVO
430 2964 647 3013 HERTH.

360 3048 538 3097 Docere
568 3050 710 3110 desiit,
745 3047 1089 3098 LEOPOLDUS
1125 3047 1362 3108 GMEL1N‚
1397 3050 1470 3109 qui
1499 3064 1582 3111 per
1609 3049 1784 3109 triginta
1815 3054 1987 3110 septem
2015 3062 2160 3097 annos
2189 3053 2233 3094 et
2259 3045 2463 3094 docendo

191 3139 236 3179 et
269 3133 504 3183 scribendo
534 3135 778 3183 luculenter
808 3135 864 3183 de
894 3135 1093 3184 chemiae
1121 3136 1319 3194 scientia,
1349 3148 1477 3194 quam
1507 3131 1737 3196 professus
1768 3139 1850 3192 est,
1880 3135 2040 3180 meruit
2068 3139 2195 3193 atque
2223 3132 2463 3180 maximum

2114 3217 2144 3264 3
