2588 3265
1298 85 1362 133 13

186 269 383 336 primum.
405 269 468 317 ita
502 272 551 317 nt
584 266 883 327 demonstret,
928 280 1061 330 qnam
1104 265 1226 315 fluxa
1267 271 1315 315 et
1356 282 1511 331 parum
1545 266 1715 317 stabilia
1748 276 1950 334 separata
1984 275 2031 318 et
2063 268 2277 333 simplicia
2311 283 2462 319 renim

183 354 459 421 publicarum
504 365 676 416 genera
722 353 807 401 sint
851 357 982 416 atque
1026 366 1114 417 qna
1157 351 1345 403 namrali
1378 358 1424 402 et
1457 354 1583 418 qnasi
1617 353 1856 404 inevitabili
1891 356 1966 405 via
2000 370 2159 420 purum
2193 368 2337 419 neque
2370 355 2462 406 nlla

184 438 458 491 admixtione
501 444 790 504 temperatum
836 439 1067 503 imperinm
1112 439 1284 501 regium
1318 445 1512 488 transeat
1545 441 1591 488 in
1626 440 1932 503 tyrannidem,
1977 456 2032 489 ea
2071 444 2169 506 ipsa
2205 444 2252 489 in
2292 443 2461 491 afisto-

184 528 385 587 cratiam,
421 538 536 590 quae
568 540 724 575 rursus
752 527 797 573 in
826 523 1114 587 oligarchiam
1141 523 1412 587 degeneret;
1446 539 1508 573 ex
1536 525 1777 589 oligarchia
1804 526 1975 577 civibus
2003 541 2094 576 non
2120 525 2309 576 ferenda
2337 529 2461 576 nasci

186 611 504 660 democratiam
538 625 726 675 eamque
760 625 869 660 mox
903 609 1182 673 degenerare
1215 613 1262 659 in
1296 610 1619 672 ochlocratiam,
1654 629 1681 660 a
1716 629 1802 676 qua
1830 614 1967 676 siquis
1995 615 2067 661 vir
2094 612 2221 662 fortis
2250 612 2464 677 populum

183 697 369 759 liberet,
415 713 519 745 eum
553 711 710 759 regem
744 696 821 745 vel
854 703 1091 760 tyrannum
1123 695 1245 755 fieri3
1291 698 1352 743 ita
1393 696 1548 745 orbem
1582 701 1968 747 commutationum
2001 698 2116 746 effici
2149 697 2306 745 eodem
2340 697 2460 746 unde

183 784 353 831 initium
388 784 556 845 ceperit
590 781 859 829 redeuntem.
928 781 1041 829 Huic
1069 783 1202 842 igitur
1230 784 1613 830 commutationum
1641 784 1960 830 inconstantiae
1989 789 2035 829 et
2062 782 2268 844 periculis
2296 785 2459 845 optime

183 882 248 915 ex
280 866 456 930 Polybii
490 868 706 914 sententia
741 868 999 926 occurritur,
1032 869 1071 915 si
1106 865 1386 915 diversorum
1420 879 1635 927 generum
1667 867 1953 929 probabilium
1989 867 2206 913 elementa
2235 872 2282 913 et
2310 872 2458 928 partes

182 954 284 1001 iam‘
317 953 365 1001 in
410 953 550 1014 prima
596 953 663 999 rei
707 950 907 1014 publicae
953 951 1260 999 constitutione
1294 953 1542 1013 permixtae
1585 957 1630 997 et
1664 949 1879 997 conflatae
1914 952 2241 1009 contineantur,
2288 956 2337 997 ut
2370 952 2460 997 iam

181 1038 331 1085 statim
364 1037 485 1083 initio
522 1035 790 1083 diversitatis
824 1036 939 1083 illius
973 1038 1020 1082 in
1054 1037 1146 1083 vita
1180 1036 1369 1082 humana
1403 1038 1515 1082 ratio
1549 1035 1775 1094 habeatur,
1811 1049 1925 1098 quae
1961 1034 2162 1081 diversas
2191 1049 2338 1080 rerum
2366 1049 2457 1098 pu-

181 1120 396 1169 blicarum
429 1120 598 1170 formas
634 1122 803 1168 efficiat.
862 1121 1065 1168 Alterum
1099 1124 1307 1184 permixti
1340 1124 1521 1183 generis
1550 1120 1885 1169 commendandi
1914 1126 2219 1182 argumentum
2248 1119 2457 1183 Polybius

181 1222 246 1254 ex
273 1207 478 1255 binorum
506 1208 877 1255 nobilissimorum
905 1207 1167 1271 populorum
1197 1208 1411 1270 exemplis
1441 1209 1562 1270 petit,
1591 1207 2041 1253 Lacedaemoniorum
2071 1213 2116 1251 et
2140 1205 2457 1265 Romanorum,

183 1308 371 1356 quorum
406 1308 480 1340 res
515 1293 688 1356 publica
723 1293 780 1340 ob
815 1293 978 1339 nullam
1013 1293 1143 1339 aliam
1178 1307 1356 1341 causam
1390 1298 1480 1339 tam
1515 1292 1744 1338 diuturnae
1778 1291 1955 1351 fuerint,
1991 1305 2121 1354 quam
2157 1292 2258 1353 quia
2285 1303 2346 1336 ex
2373 1292 2459 1337 tri-

180 1378 266 1426 bus
299 1378 385 1425 illis
419 1377 659 1439 generibus
694 1376 1004 1437 monarchiae,
1039 1379 1367 1437 aristocratiae,
1404 1377 1702 1425 democratiae
1738 1377 1979 1424 coniunctis
2016 1382 2061 1423 et
2096 1382 2196 1438 apte
2230 1377 2461 1438 permixtis

180 1467 446 1511 constarent.
516 1461 593 1508 Ad
625 1461 741 1509 hanc
776 1466 922 1508 autem
956 1461 1132 1509 laudem
1166 1476 1260 1510 non
1294 1462 1451 1510 eadem
1486 1463 1701 1510 utrumvis
1732 1460 1939 1525 populum
1967 1461 2043 1510 via
2071 1462 2333 1524 pervenisse
2361 1461 2459 1510 Po-

178 1546 327 1611 lybius
363 1545 563 1596 ostendit.
633 1545 848 1594 Nimirum
882 1546 1217 1596 Lacedaemonii
1250 1548 1337 1596 hoc
1372 1549 1560 1596 civitatis
1595 1562 1703 1596 suae
1745 1547 2065 1595 firmamentum
2099 1548 2228 1597 unius
2262 1548 2349 1596 viri
2383 1548 2459 1596 iu-

179 1634 315 1695 genio
351 1637 396 1679 et
430 1632 670 1695 sapientiae
707 1631 890 1691 debent,
936 1631 1156 1695 Lycurgi,
1192 1634 1265 1694 qui
1299 1632 1415 1679 hanc
1448 1632 1855 1694 permiscendorum
1889 1646 2106 1693 generum
2141 1635 2456 1682 necessitatem

178 1723 225 1765 et
258 1715 487 1765 utilitatem
522 1722 650 1764 acute
683 1718 965 1778 perspexerit
999 1723 1044 1763 et
1076 1718 1223 1766 statim
1258 1716 1313 1765 ab
1348 1718 1469 1764 initio
1505 1719 1553 1763 in
1587 1716 1889 1765 constituenda
1924 1725 1969 1764 et
2004 1717 2246 1765 ordinanda
2281 1733 2332 1765 re
2366 1734 2457 1783 pu-

178 1800 294 1849 blica
338 1800 790 1848 Lacedaemoniorum
837 1801 1090 1848 adhibuerit.
1162 1802 1351 1849 Romani
1394 1809 1548 1849 contra
1583 1803 1701 1849 idem
1736 1803 1901 1851 bonum
1935 1806 2161 1852 consecuti
2196 1811 2321 1863 sunt,
2369 1819 2458 1852 non

178 1888 307 1933 unius
344 1888 599 1947 cuiusquam
633 1887 820 1933 hominis
855 1893 1102 1932 commento
1137 1901 1281 1949 neque
1317 1901 1378 1932 ex
1412 1887 1670 1949 prudentiae
1707 1890 1850 1936 civilis
1886 1889 2084 1936 doctrina
2119 1891 2164 1936 in
2200 1895 2340 1936 artem
2376 1903 2458 1936 re-

178 1970 322 2031 dacta,
358 1971 439 2019 sed
474 1985 623 2017 rerum
658 1987 740 2017 usu
775 1978 820 2017 et
854 1974 991 2018 variis
1026 1974 1145 2018 vitae
1180 1972 1351 2019 casibus
1387 1972 1545 2030 edocti,
1582 1972 1682 2018 dum
1718 1987 1797 2018 sua
1834 1975 1991 2035 cuique
2026 1977 2225 2020 nascenti
2261 1974 2377 2020 malo
2410 1977 2455 2022 in

182 2055 409 2119 republica
443 2055 640 2102 remedia
676 2058 898 2117 aptissima
934 2055 1163 2114 adhibent,
1210 2064 1366 2117 sponte
1406 2071 1464 2116 ac
1499 2057 1704 2118 paulatim
1739 2064 1782 2102 et
1816 2064 1970 2104 natura
2006 2071 2157 2104 rerum
2193 2057 2305 2103 duce
2340 2058 2455 2105 hanc

177 2143 246 2187 rei
280 2140 482 2203 publicae
518 2153 626 2188 suae
661 2139 850 2186 formam
885 2141 1135 2187 effecerunt.
1148 2136 1195 2168 ²⁰)
1257 2140 1327 2186 De
1355 2139 1802 2187 Lacedaemoniorum
1831 2155 1881 2187 re
1912 2140 2083 2204 publica
2110 2140 2308 2204 pluribus
2338 2156 2453 2191 ver-

177 2224 246 2273 bis
282 2238 345 2272 ex
378 2223 553 2288 Polybii
586 2226 802 2273 sententia
838 2223 1058 2272 disserere
1093 2224 1321 2273 brevitatis
1356 2224 1499 2272 studio
1537 2227 1796 2285 omittimus3
1843 2225 1930 2274 hoc
1971 2231 2136 2273 tantum
2172 2241 2454 2276 commemo-

177 2323 346 2371 remus,
380 2309 614 2373 Polybium
648 2324 739 2358 non
774 2323 801 2356 e
835 2309 947 2358 binis
983 2308 1236 2372 generibuS,
1273 2307 1391 2372 quod
1424 2308 1548 2357 Plato
1578 2316 1622 2357 et
1651 2309 1919 2359 Aristoteles
1949 2316 2205 2368 statuerunt,
2241 2310 2323 2359 sed
2352 2310 2454 2358 Ar—

178 2393 340 2457 chytae
376 2393 629 2457 exemplum
664 2402 923 2457 sequentem
959 2410 986 2444 e
1021 2394 1158 2443 tribus
1201 2393 1437 2456 generibus
1473 2408 1569 2441 rem
1603 2393 1821 2457 publicam
1855 2393 2306 2442 Lacedaemoniorum
2341 2411 2453 2457 per-

177 2480 363 2529 mixtam
406 2474 644 2528 habere.²¹)
729 2478 972 2542 Egregiam
1018 2486 1162 2529 autem
1209 2487 1253 2529 et
1297 2479 1507 2529 illustrem
1562 2479 1897 2541 descriptionem
1943 2482 2278 2542 temperamenti
2324 2483 2452 2527 trium

179 2580 400 2628 generum
434 2567 481 2613 in
515 2580 567 2613 re
609 2564 780 2630 publica
830 2581 1013 2613 romana
1066 2565 1266 2626 adhibiti,
1313 2581 1441 2628 quam
1491 2564 1701 2630 Polybius
1741 2564 1866 2613 nobis
1914 2568 2172 2629 proposuit,
2219 2565 2335 2628 apud
2377 2567 2452 2629 ip-

177 2664 278 2700 sum
320 2658 592 2713 cognoscat,
647 2653 894 2715 quicunque
940 2654 1228 2714 potentissimi
1274 2658 1319 2699 et
1362 2651 1596 2699 firmissimi
1642 2652 1809 2714 imperii
1856 2665 2015 2699 causas
2063 2651 2319 2715 exploratas
2365 2650 2450 2697 ha-

177 2735 288 2784 bere
335 2737 455 2786 velit.
466 2733 514 2767 ²²³
585 2736 697 2785 Tam
743 2743 843 2802 apte
890 2744 1036 2785 autem
1080 2737 1191 2786 haec
1233 2739 1315 2786 tria
1361 2728 1557 2798 genera,
1603 2734 1788 2799 Polybio
1834 2735 2002 2796 iudice,
2049 2738 2096 2785 in
2140 2751 2352 2785 romanae
2386 2736 2451 2783 rei

177 2822 381 2884 publicae
415 2823 560 2871 forma
607 2824 864 2871 coaluerunt
909 2830 1040 2886 atque
1081 2830 1169 2871 tam
1209 2825 1358 2887 aequis
1399 2824 1524 2884 quasi
1564 2822 1807 2885 ponderum
1849 2824 2084 2869 momentis
2125 2822 2362 2879 librantur,
2404 2825 2449 2866 ut

177 2918 312 2956 nemo
356 2907 486 2956 facile
533 2907 769 2968 deciderit,
821 2915 964 2957 utrum
1004 2910 1232 2972 imperium
1277 2910 1419 2972 potius
1466 2909 1811 2955 aristocraticum
1859 2908 1941 2966 sit,
1990 2922 2049 2954 an
2095 2906 2447 2962 democraticum,

178 3004 238 3040 an
282 2993 621 3042 monarchicum.
703 2993 872 3052 Quodsi
924 2996 1041 3042 enim
1094 2994 1322 3043 consulum
1366 2999 1630 3056 potestatem
1674 2994 1946 3055 potissimum
1993 2993 2320 3056 respexerimus
2364 3001 2449 3035 re-

177 3076 283 3138 gale
314 3077 415 3128 fere
448 3082 549 3130 sive
583 3080 934 3140 monarchicum,
968 3082 1008 3129 si
1041 3086 1220 3129 senatus
1255 3080 1555 3127 auctoritatem
1590 3079 1961 3137 aristocraticum,
1996 3079 2036 3126 si
2077 3076 2134 3125 ad
2172 3073 2317 3139 populi
2356 3086 2449 3135 po-
